%YAML 1.1
%TAG !u! tag:unity3d.com,2011:
--- !u!1 &125420617
GameObject:
  m_ObjectHideFlags: 0
  m_CorrespondingSourceObject: {fileID: 0}
  m_PrefabInstance: {fileID: 0}
  m_PrefabAsset: {fileID: 0}
  serializedVersion: 6
  m_Component:
  - component: {fileID: 125420618}
  m_Layer: 0
  m_Name: Waypoint 2
  m_TagString: Untagged
  m_Icon: {fileID: 5132851093641282708, guid: 0000000000000000d000000000000000, type: 0}
  m_NavMeshLayer: 0
  m_StaticEditorFlags: 0
  m_IsActive: 1
--- !u!4 &125420618
Transform:
  m_ObjectHideFlags: 0
  m_CorrespondingSourceObject: {fileID: 0}
  m_PrefabInstance: {fileID: 0}
  m_PrefabAsset: {fileID: 0}
  m_GameObject: {fileID: 125420617}
  m_LocalRotation: {x: -0, y: -0, z: -0, w: 1}
  m_LocalPosition: {x: 2.5, y: 1.3, z: 44.6}
  m_LocalScale: {x: 1, y: 1, z: 1}
  m_Children: []
  m_Father: {fileID: 6192997163271197409}
  m_RootOrder: 1
  m_LocalEulerAnglesHint: {x: 0, y: 0, z: 0}
--- !u!1 &205213425
GameObject:
  m_ObjectHideFlags: 0
  m_CorrespondingSourceObject: {fileID: 0}
  m_PrefabInstance: {fileID: 0}
  m_PrefabAsset: {fileID: 0}
  serializedVersion: 6
  m_Component:
  - component: {fileID: 205213426}
  m_Layer: 0
  m_Name: Waypoint 1
  m_TagString: Untagged
  m_Icon: {fileID: 5132851093641282708, guid: 0000000000000000d000000000000000, type: 0}
  m_NavMeshLayer: 0
  m_StaticEditorFlags: 0
  m_IsActive: 1
--- !u!4 &205213426
Transform:
  m_ObjectHideFlags: 0
  m_CorrespondingSourceObject: {fileID: 0}
  m_PrefabInstance: {fileID: 0}
  m_PrefabAsset: {fileID: 0}
  m_GameObject: {fileID: 205213425}
  m_LocalRotation: {x: -0, y: -0, z: -0, w: 1}
  m_LocalPosition: {x: -68.6, y: 0.15000004, z: 29.2}
  m_LocalScale: {x: 1, y: 1, z: 1}
  m_Children: []
  m_Father: {fileID: 6192997163271197409}
  m_RootOrder: 0
  m_LocalEulerAnglesHint: {x: 0, y: 0, z: 0}
--- !u!1 &1309457324998914139
GameObject:
  m_ObjectHideFlags: 0
  m_CorrespondingSourceObject: {fileID: 0}
  m_PrefabInstance: {fileID: 0}
  m_PrefabAsset: {fileID: 0}
  serializedVersion: 6
  m_Component:
  - component: {fileID: 6192997163271197409}
  m_Layer: 0
  m_Name: Waypoints
  m_TagString: Untagged
  m_Icon: {fileID: 0}
  m_NavMeshLayer: 0
  m_StaticEditorFlags: 0
  m_IsActive: 1
--- !u!4 &6192997163271197409
Transform:
  m_ObjectHideFlags: 0
  m_CorrespondingSourceObject: {fileID: 0}
  m_PrefabInstance: {fileID: 0}
  m_PrefabAsset: {fileID: 0}
  m_GameObject: {fileID: 1309457324998914139}
  m_LocalRotation: {x: 0, y: 0, z: 0, w: 1}
  m_LocalPosition: {x: 0, y: 0, z: 0}
  m_LocalScale: {x: 1, y: 1, z: 1}
  m_Children:
  - {fileID: 205213426}
  - {fileID: 125420618}
  - {fileID: 3163074251092268993}
  m_Father: {fileID: 3534910395285397490}
  m_RootOrder: 1
  m_LocalEulerAnglesHint: {x: 0, y: 0, z: 0}
--- !u!1 &3534910395285397489
GameObject:
  m_ObjectHideFlags: 0
  m_CorrespondingSourceObject: {fileID: 0}
  m_PrefabInstance: {fileID: 0}
  m_PrefabAsset: {fileID: 0}
  serializedVersion: 6
  m_Component:
  - component: {fileID: 3534910395285397490}
  m_Layer: 0
  m_Name: EnemyHoverDrone
  m_TagString: Untagged
  m_Icon: {fileID: 0}
  m_NavMeshLayer: 0
  m_StaticEditorFlags: 0
  m_IsActive: 1
--- !u!4 &3534910395285397490
Transform:
  m_ObjectHideFlags: 0
  m_CorrespondingSourceObject: {fileID: 0}
  m_PrefabInstance: {fileID: 0}
  m_PrefabAsset: {fileID: 0}
  m_GameObject: {fileID: 3534910395285397489}
  m_LocalRotation: {x: 0, y: 0, z: 0, w: 1}
  m_LocalPosition: {x: -12.802504, y: 10.112012, z: 8.225502}
  m_LocalScale: {x: 3.664042, y: 3.664042, z: 3.664042}
  m_Children:
  - {fileID: 5469787127270258177}
  - {fileID: 6192997163271197409}
  m_Father: {fileID: 0}
  m_RootOrder: 0
  m_LocalEulerAnglesHint: {x: 0, y: 0, z: 0}
--- !u!1 &3534910395353920090
GameObject:
  m_ObjectHideFlags: 0
  m_CorrespondingSourceObject: {fileID: 0}
  m_PrefabInstance: {fileID: 0}
  m_PrefabAsset: {fileID: 0}
  serializedVersion: 6
  m_Component:
  - component: {fileID: 3534910395353920091}
  - component: {fileID: 428260271}
  m_Layer: 0
  m_Name: Shooter
  m_TagString: Untagged
  m_Icon: {fileID: 5132851093641282708, guid: 0000000000000000d000000000000000, type: 0}
  m_NavMeshLayer: 0
  m_StaticEditorFlags: 0
  m_IsActive: 1
--- !u!4 &3534910395353920091
Transform:
  m_ObjectHideFlags: 0
  m_CorrespondingSourceObject: {fileID: 0}
  m_PrefabInstance: {fileID: 0}
  m_PrefabAsset: {fileID: 0}
  m_GameObject: {fileID: 3534910395353920090}
  m_LocalRotation: {x: 0.7156367, y: -0, z: -0, w: 0.6984728}
  m_LocalPosition: {x: -0.0956706, y: 1.1626605, z: 3.8586175}
  m_LocalScale: {x: 1.123335, y: 1.1233366, z: 1.1233366}
  m_Children: []
  m_Father: {fileID: 5469787127270258177}
  m_RootOrder: 0
  m_LocalEulerAnglesHint: {x: 0, y: 0, z: 0}
--- !u!114 &428260271
MonoBehaviour:
  m_ObjectHideFlags: 0
  m_CorrespondingSourceObject: {fileID: 0}
  m_PrefabInstance: {fileID: 0}
  m_PrefabAsset: {fileID: 0}
  m_GameObject: {fileID: 3534910395353920090}
  m_Enabled: 1
  m_EditorHideFlags: 0
  m_Script: {fileID: 11500000, guid: 942dc0d3e64c01a4e9bc06bfef8fc0e8, type: 3}
  m_Name: 
  m_EditorClassIdentifier: 
  _HomingMissile: {fileID: 6948700130975025417, guid: eb4a8830e28d72d47aba959852d6a24a,
    type: 3}
  _ShootingPosition: {fileID: 3534910395353920091}
--- !u!1 &3572262550406899105
GameObject:
  m_ObjectHideFlags: 0
  m_CorrespondingSourceObject: {fileID: 0}
  m_PrefabInstance: {fileID: 0}
  m_PrefabAsset: {fileID: 0}
  serializedVersion: 6
  m_Component:
  - component: {fileID: 3163074251092268993}
  m_Layer: 0
  m_Name: Waypoint 3
  m_TagString: Untagged
  m_Icon: {fileID: 5132851093641282708, guid: 0000000000000000d000000000000000, type: 0}
  m_NavMeshLayer: 0
  m_StaticEditorFlags: 0
  m_IsActive: 1
--- !u!4 &3163074251092268993
Transform:
  m_ObjectHideFlags: 0
  m_CorrespondingSourceObject: {fileID: 0}
  m_PrefabInstance: {fileID: 0}
  m_PrefabAsset: {fileID: 0}
  m_GameObject: {fileID: 3572262550406899105}
  m_LocalRotation: {x: -0, y: -0, z: -0, w: 1}
  m_LocalPosition: {x: -10.2, y: 1.3, z: 2.24}
  m_LocalScale: {x: 1, y: 1, z: 1}
  m_Children: []
  m_Father: {fileID: 6192997163271197409}
  m_RootOrder: 2
  m_LocalEulerAnglesHint: {x: 0, y: 0, z: 0}
--- !u!65 &224641775
BoxCollider:
  m_ObjectHideFlags: 0
  m_CorrespondingSourceObject: {fileID: 0}
  m_PrefabInstance: {fileID: 0}
  m_PrefabAsset: {fileID: 0}
  m_GameObject: {fileID: 9057811637144405010}
  m_Material: {fileID: 0}
  m_IsTrigger: 1
  m_Enabled: 1
  serializedVersion: 2
  m_Size: {x: 250, y: 250, z: 250}
  m_Center: {x: -0.0000009536743, y: 1.46729, z: 0.1946706}
--- !u!114 &224641776
MonoBehaviour:
  m_ObjectHideFlags: 0
  m_CorrespondingSourceObject: {fileID: 0}
  m_PrefabInstance: {fileID: 0}
  m_PrefabAsset: {fileID: 0}
  m_GameObject: {fileID: 9057811637144405010}
  m_Enabled: 1
  m_EditorHideFlags: 0
  m_Script: {fileID: 11500000, guid: b3b4736746eddd642a5d4f755b2c4c08, type: 3}
  m_Name: 
  m_EditorClassIdentifier: 
  _QTEBehaviour: {fileID: 11400000, guid: 9bb1fa13e01c43941b3a2c8a3f279770, type: 2}
  _Explosion: {fileID: 198856239026640498, guid: 9bba9cf244c53c5439505dfc96fdd11c,
    type: 3}
  _DeathTime: 3
  _BotType: 0
  _Target: {fileID: 11400000, guid: a08325b253d75e5488b5eafd87728573, type: 2}
  _RefireTime: 2
  _IsInCombatBool: {fileID: 11400000, guid: 8376739cbd52ab34196c735946d12539, type: 2}
  _PlayHoveringAudio:
    idInternal: 0
    valueGuidInternal: 
    WwiseObjectReference: {fileID: 11400000, guid: a8fc1efb841720e47adfb6ad0bf714e7,
      type: 2}
  _FireAudio:
    idInternal: 0
    valueGuidInternal: 
    WwiseObjectReference: {fileID: 11400000, guid: e7b28c6e6baae9940a0021ce30264480,
      type: 2}
  _DeathAudio:
    idInternal: 0
    valueGuidInternal: 
    WwiseObjectReference: {fileID: 11400000, guid: 6f61be87a9fdf2a4fb55a83de70e76ad,
      type: 2}
--- !u!114 &224641780
MonoBehaviour:
  m_ObjectHideFlags: 0
  m_CorrespondingSourceObject: {fileID: 0}
  m_PrefabInstance: {fileID: 0}
  m_PrefabAsset: {fileID: 0}
  m_GameObject: {fileID: 9057811637144405010}
  m_Enabled: 1
  m_EditorHideFlags: 0
  m_Script: {fileID: 11500000, guid: 7a222d42a30fdbc4ba2e56ecac841113, type: 3}
  m_Name: 
  m_EditorClassIdentifier: 
  _Speed: 50
  waypoints:
  - {fileID: 205213426}
  - {fileID: 125420618}
  - {fileID: 3163074251092268993}
  _QTEBehaviour: {fileID: 11400000, guid: 9bb1fa13e01c43941b3a2c8a3f279770, type: 2}
  _RefPushBack: {fileID: 0}
--- !u!1001 &171650405
PrefabInstance:
  m_ObjectHideFlags: 0
  serializedVersion: 2
  m_Modification:
    m_TransformParent: {fileID: 5469787127270258177}
    m_Modifications:
    - target: {fileID: 2412354267944046152, guid: bf2f2078519761245afb380bfbd4bb87,
        type: 3}
      propertyPath: m_Name
      value: QTETriggerBox
      objectReference: {fileID: 0}
    - target: {fileID: 2412354267944046153, guid: bf2f2078519761245afb380bfbd4bb87,
        type: 3}
      propertyPath: m_Size.x
      value: 15
      objectReference: {fileID: 0}
    - target: {fileID: 2412354267944046153, guid: bf2f2078519761245afb380bfbd4bb87,
        type: 3}
      propertyPath: m_Size.y
      value: 50
      objectReference: {fileID: 0}
    - target: {fileID: 2412354267944046153, guid: bf2f2078519761245afb380bfbd4bb87,
        type: 3}
      propertyPath: m_Size.z
      value: 110
      objectReference: {fileID: 0}
    - target: {fileID: 2412354267944046158, guid: bf2f2078519761245afb380bfbd4bb87,
        type: 3}
      propertyPath: m_LocalPosition.x
      value: 1.8480879
      objectReference: {fileID: 0}
    - target: {fileID: 2412354267944046158, guid: bf2f2078519761245afb380bfbd4bb87,
        type: 3}
      propertyPath: m_LocalPosition.y
      value: -5.196498
      objectReference: {fileID: 0}
    - target: {fileID: 2412354267944046158, guid: bf2f2078519761245afb380bfbd4bb87,
        type: 3}
      propertyPath: m_LocalPosition.z
      value: 2.0503354
      objectReference: {fileID: 0}
    - target: {fileID: 2412354267944046158, guid: bf2f2078519761245afb380bfbd4bb87,
        type: 3}
      propertyPath: m_LocalRotation.x
      value: -0
      objectReference: {fileID: 0}
    - target: {fileID: 2412354267944046158, guid: bf2f2078519761245afb380bfbd4bb87,
        type: 3}
      propertyPath: m_LocalRotation.y
      value: -0
      objectReference: {fileID: 0}
    - target: {fileID: 2412354267944046158, guid: bf2f2078519761245afb380bfbd4bb87,
        type: 3}
      propertyPath: m_LocalRotation.z
      value: -0
      objectReference: {fileID: 0}
    - target: {fileID: 2412354267944046158, guid: bf2f2078519761245afb380bfbd4bb87,
        type: 3}
      propertyPath: m_LocalRotation.w
      value: 1
      objectReference: {fileID: 0}
    - target: {fileID: 2412354267944046158, guid: bf2f2078519761245afb380bfbd4bb87,
        type: 3}
      propertyPath: m_RootOrder
      value: 1
      objectReference: {fileID: 0}
    - target: {fileID: 2412354267944046158, guid: bf2f2078519761245afb380bfbd4bb87,
        type: 3}
      propertyPath: m_LocalEulerAnglesHint.x
      value: 0
      objectReference: {fileID: 0}
    - target: {fileID: 2412354267944046158, guid: bf2f2078519761245afb380bfbd4bb87,
        type: 3}
      propertyPath: m_LocalEulerAnglesHint.y
      value: 0
      objectReference: {fileID: 0}
    - target: {fileID: 2412354267944046158, guid: bf2f2078519761245afb380bfbd4bb87,
        type: 3}
      propertyPath: m_LocalEulerAnglesHint.z
      value: 0
      objectReference: {fileID: 0}
    - target: {fileID: 2412354267944046158, guid: bf2f2078519761245afb380bfbd4bb87,
        type: 3}
      propertyPath: m_LocalScale.x
      value: 8.02591
      objectReference: {fileID: 0}
    - target: {fileID: 2412354267944046158, guid: bf2f2078519761245afb380bfbd4bb87,
        type: 3}
      propertyPath: m_LocalScale.y
      value: 1.2295326
      objectReference: {fileID: 0}
    - target: {fileID: 2412354267944046158, guid: bf2f2078519761245afb380bfbd4bb87,
        type: 3}
      propertyPath: m_LocalScale.z
      value: 0.89035696
      objectReference: {fileID: 0}
    - target: {fileID: 2412354267944046159, guid: bf2f2078519761245afb380bfbd4bb87,
        type: 3}
      propertyPath: _Bot
      value: 
      objectReference: {fileID: 224641776}
    m_RemovedComponents: []
  m_SourcePrefab: {fileID: 100100000, guid: bf2f2078519761245afb380bfbd4bb87, type: 3}
--- !u!1001 &1049939768020507931
PrefabInstance:
  m_ObjectHideFlags: 0
  serializedVersion: 2
  m_Modification:
    m_TransformParent: {fileID: 3534910395285397490}
    m_Modifications:
    - target: {fileID: -5178661895559278292, guid: 182db5c3ead053a4998e3920260a3c98,
        type: 3}
      propertyPath: m_Mesh
      value: 
      objectReference: {fileID: 6883417600860103293, guid: 8cece69126b796c478201cfc4c39128c,
        type: 3}
    - target: {fileID: -4216859302048453862, guid: 182db5c3ead053a4998e3920260a3c98,
        type: 3}
      propertyPath: m_LocalPosition.x
      value: -0.00000026028
      objectReference: {fileID: 0}
    - target: {fileID: -4216859302048453862, guid: 182db5c3ead053a4998e3920260a3c98,
        type: 3}
      propertyPath: m_LocalPosition.y
      value: 0.43515
      objectReference: {fileID: 0}
    - target: {fileID: -4216859302048453862, guid: 182db5c3ead053a4998e3920260a3c98,
        type: 3}
      propertyPath: m_LocalPosition.z
      value: 0.057733
      objectReference: {fileID: 0}
    - target: {fileID: -4216859302048453862, guid: 182db5c3ead053a4998e3920260a3c98,
        type: 3}
      propertyPath: m_LocalRotation.x
      value: 0
      objectReference: {fileID: 0}
    - target: {fileID: -4216859302048453862, guid: 182db5c3ead053a4998e3920260a3c98,
        type: 3}
      propertyPath: m_LocalRotation.y
      value: 0
      objectReference: {fileID: 0}
    - target: {fileID: -4216859302048453862, guid: 182db5c3ead053a4998e3920260a3c98,
        type: 3}
      propertyPath: m_LocalRotation.z
      value: 0
      objectReference: {fileID: 0}
    - target: {fileID: -4216859302048453862, guid: 182db5c3ead053a4998e3920260a3c98,
        type: 3}
      propertyPath: m_LocalRotation.w
      value: 1
      objectReference: {fileID: 0}
    - target: {fileID: -4216859302048453862, guid: 182db5c3ead053a4998e3920260a3c98,
        type: 3}
      propertyPath: m_RootOrder
      value: 0
      objectReference: {fileID: 0}
    - target: {fileID: -4216859302048453862, guid: 182db5c3ead053a4998e3920260a3c98,
        type: 3}
      propertyPath: m_LocalEulerAnglesHint.x
      value: 0
      objectReference: {fileID: 0}
    - target: {fileID: -4216859302048453862, guid: 182db5c3ead053a4998e3920260a3c98,
        type: 3}
      propertyPath: m_LocalEulerAnglesHint.y
      value: 0
      objectReference: {fileID: 0}
    - target: {fileID: -4216859302048453862, guid: 182db5c3ead053a4998e3920260a3c98,
        type: 3}
      propertyPath: m_LocalEulerAnglesHint.z
      value: 0
      objectReference: {fileID: 0}
    - target: {fileID: -4216859302048453862, guid: 182db5c3ead053a4998e3920260a3c98,
        type: 3}
      propertyPath: m_LocalScale.x
      value: 0.3
      objectReference: {fileID: 0}
    - target: {fileID: -4216859302048453862, guid: 182db5c3ead053a4998e3920260a3c98,
        type: 3}
      propertyPath: m_LocalScale.y
      value: 0.3
      objectReference: {fileID: 0}
    - target: {fileID: -4216859302048453862, guid: 182db5c3ead053a4998e3920260a3c98,
        type: 3}
      propertyPath: m_LocalScale.z
      value: 0.3
      objectReference: {fileID: 0}
    - target: {fileID: -1504981713932161579, guid: 182db5c3ead053a4998e3920260a3c98,
        type: 3}
      propertyPath: m_Materials.Array.data[0]
      value: 
      objectReference: {fileID: 2100000, guid: a2a51f4c95104174c85e39e057e614db, type: 2}
    - target: {fileID: -1504981713932161579, guid: 182db5c3ead053a4998e3920260a3c98,
        type: 3}
      propertyPath: m_Materials.Array.data[1]
      value: 
      objectReference: {fileID: 2100000, guid: bf3c7739092b5fb4c9aa59b6138ae946, type: 2}
    - target: {fileID: -1504981713932161579, guid: 182db5c3ead053a4998e3920260a3c98,
        type: 3}
      propertyPath: m_Materials.Array.data[2]
      value: 
      objectReference: {fileID: 2100000, guid: 5d49ca5d1f0156b42a37228123cef0a5, type: 2}
    - target: {fileID: -927199367670048503, guid: 182db5c3ead053a4998e3920260a3c98,
        type: 3}
      propertyPath: m_Name
      value: HoverDrone
      objectReference: {fileID: 0}
    m_RemovedComponents: []
  m_SourcePrefab: {fileID: 100100000, guid: 182db5c3ead053a4998e3920260a3c98, type: 3}
--- !u!1 &9057811637144405010 stripped
GameObject:
  m_CorrespondingSourceObject: {fileID: -927199367670048503, guid: 182db5c3ead053a4998e3920260a3c98,
    type: 3}
  m_PrefabInstance: {fileID: 1049939768020507931}
  m_PrefabAsset: {fileID: 0}
--- !u!4 &5469787127270258177 stripped
Transform:
  m_CorrespondingSourceObject: {fileID: -4216859302048453862, guid: 182db5c3ead053a4998e3920260a3c98,
    type: 3}
  m_PrefabInstance: {fileID: 1049939768020507931}
  m_PrefabAsset: {fileID: 0}
