%YAML 1.1
%TAG !u! tag:unity3d.com,2011:
--- !u!29 &1
OcclusionCullingSettings:
  m_ObjectHideFlags: 0
  serializedVersion: 2
  m_OcclusionBakeSettings:
    smallestOccluder: 5
    smallestHole: 0.25
    backfaceThreshold: 100
  m_SceneGUID: 00000000000000000000000000000000
  m_OcclusionCullingData: {fileID: 0}
--- !u!104 &2
RenderSettings:
  m_ObjectHideFlags: 0
  serializedVersion: 9
  m_Fog: 0
  m_FogColor: {r: 0.5, g: 0.5, b: 0.5, a: 1}
  m_FogMode: 3
  m_FogDensity: 0.01
  m_LinearFogStart: 0
  m_LinearFogEnd: 300
  m_AmbientSkyColor: {r: 0.212, g: 0.227, b: 0.259, a: 1}
  m_AmbientEquatorColor: {r: 0.114, g: 0.125, b: 0.133, a: 1}
  m_AmbientGroundColor: {r: 0.047, g: 0.043, b: 0.035, a: 1}
  m_AmbientIntensity: 1
  m_AmbientMode: 0
  m_SubtractiveShadowColor: {r: 0.42, g: 0.478, b: 0.627, a: 1}
  m_SkyboxMaterial: {fileID: 2100000, guid: 355364ca84dcc644fafcc0c2486c82fe, type: 2}
  m_HaloStrength: 0.5
  m_FlareStrength: 1
  m_FlareFadeSpeed: 3
  m_HaloTexture: {fileID: 0}
  m_SpotCookie: {fileID: 10001, guid: 0000000000000000e000000000000000, type: 0}
  m_DefaultReflectionMode: 0
  m_DefaultReflectionResolution: 128
  m_ReflectionBounces: 1
  m_ReflectionIntensity: 1
  m_CustomReflection: {fileID: 0}
  m_Sun: {fileID: 0}
  m_IndirectSpecularColor: {r: 0.06823729, g: 0.25345835, b: 0.32261387, a: 1}
  m_UseRadianceAmbientProbe: 0
--- !u!157 &3
LightmapSettings:
  m_ObjectHideFlags: 0
  serializedVersion: 11
  m_GIWorkflowMode: 0
  m_GISettings:
    serializedVersion: 2
    m_BounceScale: 1
    m_IndirectOutputScale: 1
    m_AlbedoBoost: 1
    m_EnvironmentLightingMode: 1
    m_EnableBakedLightmaps: 1
    m_EnableRealtimeLightmaps: 1
  m_LightmapEditorSettings:
    serializedVersion: 12
    m_Resolution: 2
    m_BakeResolution: 40
    m_AtlasSize: 1024
    m_AO: 0
    m_AOMaxDistance: 1
    m_CompAOExponent: 1
    m_CompAOExponentDirect: 0
    m_ExtractAmbientOcclusion: 0
    m_Padding: 2
    m_LightmapParameters: {fileID: 0}
    m_LightmapsBakeMode: 1
    m_TextureCompression: 1
    m_FinalGather: 0
    m_FinalGatherFiltering: 1
    m_FinalGatherRayCount: 256
    m_ReflectionCompression: 2
    m_MixedBakeMode: 2
    m_BakeBackend: 1
    m_PVRSampling: 1
    m_PVRDirectSampleCount: 32
    m_PVRSampleCount: 512
    m_PVRBounces: 2
    m_PVREnvironmentSampleCount: 256
    m_PVREnvironmentReferencePointCount: 2048
    m_PVRFilteringMode: 1
    m_PVRDenoiserTypeDirect: 1
    m_PVRDenoiserTypeIndirect: 1
    m_PVRDenoiserTypeAO: 1
    m_PVRFilterTypeDirect: 0
    m_PVRFilterTypeIndirect: 0
    m_PVRFilterTypeAO: 0
    m_PVREnvironmentMIS: 1
    m_PVRCulling: 1
    m_PVRFilteringGaussRadiusDirect: 1
    m_PVRFilteringGaussRadiusIndirect: 5
    m_PVRFilteringGaussRadiusAO: 2
    m_PVRFilteringAtrousPositionSigmaDirect: 0.5
    m_PVRFilteringAtrousPositionSigmaIndirect: 2
    m_PVRFilteringAtrousPositionSigmaAO: 1
    m_ExportTrainingData: 0
    m_TrainingDataDestination: TrainingData
  m_LightingDataAsset: {fileID: 0}
  m_UseShadowmask: 0
--- !u!196 &4
NavMeshSettings:
  serializedVersion: 2
  m_ObjectHideFlags: 0
  m_BuildSettings:
    serializedVersion: 2
    agentTypeID: 0
    agentRadius: 0.5
    agentHeight: 2
    agentSlope: 45
    agentClimb: 0.4
    ledgeDropHeight: 0
    maxJumpAcrossDistance: 0
    minRegionArea: 2
    manualCellSize: 0
    cellSize: 0.16666667
    manualTileSize: 0
    tileSize: 256
    accuratePlacement: 0
    debug:
      m_Flags: 0
  m_NavMeshData: {fileID: 0}
--- !u!1001 &59553153
PrefabInstance:
  m_ObjectHideFlags: 0
  serializedVersion: 2
  m_Modification:
    m_TransformParent: {fileID: 2024437084}
    m_Modifications:
    - target: {fileID: 443972200441014644, guid: ccd294ec53ef81e4d9005aecc3182192,
        type: 3}
      propertyPath: m_Name
      value: Hover
      objectReference: {fileID: 0}
    - target: {fileID: 443972200441014651, guid: ccd294ec53ef81e4d9005aecc3182192,
        type: 3}
      propertyPath: m_LocalPosition.x
      value: -5.16
      objectReference: {fileID: 0}
    - target: {fileID: 443972200441014651, guid: ccd294ec53ef81e4d9005aecc3182192,
        type: 3}
      propertyPath: m_LocalPosition.y
      value: 0
      objectReference: {fileID: 0}
    - target: {fileID: 443972200441014651, guid: ccd294ec53ef81e4d9005aecc3182192,
        type: 3}
      propertyPath: m_LocalPosition.z
      value: 0.55
      objectReference: {fileID: 0}
    - target: {fileID: 443972200441014651, guid: ccd294ec53ef81e4d9005aecc3182192,
        type: 3}
      propertyPath: m_LocalRotation.x
      value: 0
      objectReference: {fileID: 0}
    - target: {fileID: 443972200441014651, guid: ccd294ec53ef81e4d9005aecc3182192,
        type: 3}
      propertyPath: m_LocalRotation.y
      value: 0
      objectReference: {fileID: 0}
    - target: {fileID: 443972200441014651, guid: ccd294ec53ef81e4d9005aecc3182192,
        type: 3}
      propertyPath: m_LocalRotation.z
      value: 0
      objectReference: {fileID: 0}
    - target: {fileID: 443972200441014651, guid: ccd294ec53ef81e4d9005aecc3182192,
        type: 3}
      propertyPath: m_LocalRotation.w
      value: 1
      objectReference: {fileID: 0}
    - target: {fileID: 443972200441014651, guid: ccd294ec53ef81e4d9005aecc3182192,
        type: 3}
      propertyPath: m_RootOrder
      value: 12
      objectReference: {fileID: 0}
    - target: {fileID: 443972200441014651, guid: ccd294ec53ef81e4d9005aecc3182192,
        type: 3}
      propertyPath: m_LocalEulerAnglesHint.x
      value: 0
      objectReference: {fileID: 0}
    - target: {fileID: 443972200441014651, guid: ccd294ec53ef81e4d9005aecc3182192,
        type: 3}
      propertyPath: m_LocalEulerAnglesHint.y
      value: 0
      objectReference: {fileID: 0}
    - target: {fileID: 443972200441014651, guid: ccd294ec53ef81e4d9005aecc3182192,
        type: 3}
      propertyPath: m_LocalEulerAnglesHint.z
      value: 0
      objectReference: {fileID: 0}
    m_RemovedComponents: []
  m_SourcePrefab: {fileID: 100100000, guid: ccd294ec53ef81e4d9005aecc3182192, type: 3}
--- !u!4 &59553154 stripped
Transform:
  m_CorrespondingSourceObject: {fileID: 443972200441014651, guid: ccd294ec53ef81e4d9005aecc3182192,
    type: 3}
  m_PrefabInstance: {fileID: 59553153}
  m_PrefabAsset: {fileID: 0}
--- !u!1001 &302315804
PrefabInstance:
  m_ObjectHideFlags: 0
  serializedVersion: 2
  m_Modification:
    m_TransformParent: {fileID: 0}
    m_Modifications:
    - target: {fileID: 195239779059343155, guid: e3bb730c986b2be4e89c047ec9a43c59,
        type: 3}
      propertyPath: m_LocalPosition.x
      value: -14.720539
      objectReference: {fileID: 0}
    - target: {fileID: 195239779059343155, guid: e3bb730c986b2be4e89c047ec9a43c59,
        type: 3}
      propertyPath: m_LocalPosition.y
      value: 59.816868
      objectReference: {fileID: 0}
    - target: {fileID: 195239779059343155, guid: e3bb730c986b2be4e89c047ec9a43c59,
        type: 3}
      propertyPath: m_LocalPosition.z
      value: 1.2125206
      objectReference: {fileID: 0}
    - target: {fileID: 195239779059343155, guid: e3bb730c986b2be4e89c047ec9a43c59,
        type: 3}
      propertyPath: m_LocalRotation.x
      value: 0
      objectReference: {fileID: 0}
    - target: {fileID: 195239779059343155, guid: e3bb730c986b2be4e89c047ec9a43c59,
        type: 3}
      propertyPath: m_LocalRotation.y
      value: 0
      objectReference: {fileID: 0}
    - target: {fileID: 195239779059343155, guid: e3bb730c986b2be4e89c047ec9a43c59,
        type: 3}
      propertyPath: m_LocalRotation.z
      value: 0
      objectReference: {fileID: 0}
    - target: {fileID: 195239779059343155, guid: e3bb730c986b2be4e89c047ec9a43c59,
        type: 3}
      propertyPath: m_LocalRotation.w
      value: 1
      objectReference: {fileID: 0}
    - target: {fileID: 195239779059343155, guid: e3bb730c986b2be4e89c047ec9a43c59,
        type: 3}
      propertyPath: m_RootOrder
      value: 1
      objectReference: {fileID: 0}
    - target: {fileID: 195239779059343155, guid: e3bb730c986b2be4e89c047ec9a43c59,
        type: 3}
      propertyPath: m_LocalEulerAnglesHint.x
      value: 0
      objectReference: {fileID: 0}
    - target: {fileID: 195239779059343155, guid: e3bb730c986b2be4e89c047ec9a43c59,
        type: 3}
      propertyPath: m_LocalEulerAnglesHint.y
      value: 0
      objectReference: {fileID: 0}
    - target: {fileID: 195239779059343155, guid: e3bb730c986b2be4e89c047ec9a43c59,
        type: 3}
      propertyPath: m_LocalEulerAnglesHint.z
      value: 0
      objectReference: {fileID: 0}
    - target: {fileID: 3814258971998252320, guid: e3bb730c986b2be4e89c047ec9a43c59,
        type: 3}
      propertyPath: m_Name
      value: PedroVisualsMainMenu
      objectReference: {fileID: 0}
    m_RemovedComponents: []
  m_SourcePrefab: {fileID: 100100000, guid: e3bb730c986b2be4e89c047ec9a43c59, type: 3}
--- !u!1 &388159067
GameObject:
  m_ObjectHideFlags: 0
  m_CorrespondingSourceObject: {fileID: 0}
  m_PrefabInstance: {fileID: 0}
  m_PrefabAsset: {fileID: 0}
  serializedVersion: 6
  m_Component:
  - component: {fileID: 388159068}
  - component: {fileID: 388159071}
  - component: {fileID: 388159070}
  - component: {fileID: 388159069}
  m_Layer: 0
  m_Name: Cube (1)
  m_TagString: Untagged
  m_Icon: {fileID: 0}
  m_NavMeshLayer: 0
  m_StaticEditorFlags: 0
  m_IsActive: 1
--- !u!4 &388159068
Transform:
  m_ObjectHideFlags: 0
  m_CorrespondingSourceObject: {fileID: 0}
  m_PrefabInstance: {fileID: 0}
  m_PrefabAsset: {fileID: 0}
  m_GameObject: {fileID: 388159067}
  m_LocalRotation: {x: -0, y: -0, z: -0, w: 1}
  m_LocalPosition: {x: 6.040312, y: 14.45319, z: -66.1971}
  m_LocalScale: {x: 86.43373, y: 86.43373, z: 86.43373}
  m_Children: []
  m_Father: {fileID: 1796955178}
  m_RootOrder: 5
  m_LocalEulerAnglesHint: {x: 0, y: 0, z: 0}
--- !u!65 &388159069
BoxCollider:
  m_ObjectHideFlags: 0
  m_CorrespondingSourceObject: {fileID: 0}
  m_PrefabInstance: {fileID: 0}
  m_PrefabAsset: {fileID: 0}
  m_GameObject: {fileID: 388159067}
  m_Material: {fileID: 0}
  m_IsTrigger: 0
  m_Enabled: 1
  serializedVersion: 2
  m_Size: {x: 1, y: 1, z: 1}
  m_Center: {x: 0, y: 0, z: 0}
--- !u!23 &388159070
MeshRenderer:
  m_ObjectHideFlags: 0
  m_CorrespondingSourceObject: {fileID: 0}
  m_PrefabInstance: {fileID: 0}
  m_PrefabAsset: {fileID: 0}
  m_GameObject: {fileID: 388159067}
  m_Enabled: 1
  m_CastShadows: 1
  m_ReceiveShadows: 1
  m_DynamicOccludee: 1
  m_MotionVectors: 1
  m_LightProbeUsage: 1
  m_ReflectionProbeUsage: 1
  m_RenderingLayerMask: 1
  m_RendererPriority: 0
  m_Materials:
  - {fileID: 2100000, guid: 31321ba15b8f8eb4c954353edc038b1d, type: 2}
  m_StaticBatchInfo:
    firstSubMesh: 0
    subMeshCount: 0
  m_StaticBatchRoot: {fileID: 0}
  m_ProbeAnchor: {fileID: 0}
  m_LightProbeVolumeOverride: {fileID: 0}
  m_ScaleInLightmap: 1
  m_ReceiveGI: 1
  m_PreserveUVs: 0
  m_IgnoreNormalsForChartDetection: 0
  m_ImportantGI: 0
  m_StitchLightmapSeams: 1
  m_SelectedEditorRenderState: 3
  m_MinimumChartSize: 4
  m_AutoUVMaxDistance: 0.5
  m_AutoUVMaxAngle: 89
  m_LightmapParameters: {fileID: 0}
  m_SortingLayerID: 0
  m_SortingLayer: 0
  m_SortingOrder: 0
--- !u!33 &388159071
MeshFilter:
  m_ObjectHideFlags: 0
  m_CorrespondingSourceObject: {fileID: 0}
  m_PrefabInstance: {fileID: 0}
  m_PrefabAsset: {fileID: 0}
  m_GameObject: {fileID: 388159067}
  m_Mesh: {fileID: 10202, guid: 0000000000000000e000000000000000, type: 0}
--- !u!1001 &567556704
PrefabInstance:
  m_ObjectHideFlags: 0
  serializedVersion: 2
  m_Modification:
    m_TransformParent: {fileID: 1796955178}
    m_Modifications:
    - target: {fileID: -4216859302048453862, guid: d187ef35d2c06bb409ae619896ad0437,
        type: 3}
      propertyPath: m_LocalPosition.x
      value: 4.0920677
      objectReference: {fileID: 0}
    - target: {fileID: -4216859302048453862, guid: d187ef35d2c06bb409ae619896ad0437,
        type: 3}
      propertyPath: m_LocalPosition.y
      value: -55.54681
      objectReference: {fileID: 0}
    - target: {fileID: -4216859302048453862, guid: d187ef35d2c06bb409ae619896ad0437,
        type: 3}
      propertyPath: m_LocalPosition.z
      value: 1.5028992
      objectReference: {fileID: 0}
    - target: {fileID: -4216859302048453862, guid: d187ef35d2c06bb409ae619896ad0437,
        type: 3}
      propertyPath: m_LocalRotation.x
      value: -0
      objectReference: {fileID: 0}
    - target: {fileID: -4216859302048453862, guid: d187ef35d2c06bb409ae619896ad0437,
        type: 3}
      propertyPath: m_LocalRotation.y
      value: -0
      objectReference: {fileID: 0}
    - target: {fileID: -4216859302048453862, guid: d187ef35d2c06bb409ae619896ad0437,
        type: 3}
      propertyPath: m_LocalRotation.z
      value: -0
      objectReference: {fileID: 0}
    - target: {fileID: -4216859302048453862, guid: d187ef35d2c06bb409ae619896ad0437,
        type: 3}
      propertyPath: m_LocalRotation.w
      value: 1
      objectReference: {fileID: 0}
    - target: {fileID: -4216859302048453862, guid: d187ef35d2c06bb409ae619896ad0437,
        type: 3}
      propertyPath: m_RootOrder
      value: 3
      objectReference: {fileID: 0}
    - target: {fileID: -4216859302048453862, guid: d187ef35d2c06bb409ae619896ad0437,
        type: 3}
      propertyPath: m_LocalEulerAnglesHint.x
      value: 0
      objectReference: {fileID: 0}
    - target: {fileID: -4216859302048453862, guid: d187ef35d2c06bb409ae619896ad0437,
        type: 3}
      propertyPath: m_LocalEulerAnglesHint.y
      value: 0
      objectReference: {fileID: 0}
    - target: {fileID: -4216859302048453862, guid: d187ef35d2c06bb409ae619896ad0437,
        type: 3}
      propertyPath: m_LocalEulerAnglesHint.z
      value: 0
      objectReference: {fileID: 0}
    - target: {fileID: -4216859302048453862, guid: d187ef35d2c06bb409ae619896ad0437,
        type: 3}
      propertyPath: m_LocalScale.x
      value: 1
      objectReference: {fileID: 0}
    - target: {fileID: -4216859302048453862, guid: d187ef35d2c06bb409ae619896ad0437,
        type: 3}
      propertyPath: m_LocalScale.z
      value: 1
      objectReference: {fileID: 0}
    - target: {fileID: -4216859302048453862, guid: d187ef35d2c06bb409ae619896ad0437,
        type: 3}
      propertyPath: m_LocalScale.y
      value: 1
      objectReference: {fileID: 0}
    - target: {fileID: -1504981713932161579, guid: d187ef35d2c06bb409ae619896ad0437,
        type: 3}
      propertyPath: m_Materials.Array.data[0]
      value: 
      objectReference: {fileID: 2100000, guid: 44b5eeefc3a59c64f87f3332717b34fe, type: 2}
    - target: {fileID: -1504981713932161579, guid: d187ef35d2c06bb409ae619896ad0437,
        type: 3}
      propertyPath: m_CastShadows
      value: 0
      objectReference: {fileID: 0}
    - target: {fileID: -927199367670048503, guid: d187ef35d2c06bb409ae619896ad0437,
        type: 3}
      propertyPath: m_Name
      value: CloudMap
      objectReference: {fileID: 0}
    - target: {fileID: -927199367670048503, guid: d187ef35d2c06bb409ae619896ad0437,
        type: 3}
      propertyPath: m_IsActive
      value: 1
      objectReference: {fileID: 0}
    m_RemovedComponents: []
  m_SourcePrefab: {fileID: 100100000, guid: d187ef35d2c06bb409ae619896ad0437, type: 3}
--- !u!1 &585373729
GameObject:
  m_ObjectHideFlags: 0
  m_CorrespondingSourceObject: {fileID: 0}
  m_PrefabInstance: {fileID: 0}
  m_PrefabAsset: {fileID: 0}
  serializedVersion: 6
  m_Component:
  - component: {fileID: 585373733}
  - component: {fileID: 585373732}
  - component: {fileID: 585373731}
  - component: {fileID: 585373730}
  m_Layer: 0
  m_Name: Cube
  m_TagString: Untagged
  m_Icon: {fileID: 0}
  m_NavMeshLayer: 0
  m_StaticEditorFlags: 0
  m_IsActive: 1
--- !u!65 &585373730
BoxCollider:
  m_ObjectHideFlags: 0
  m_CorrespondingSourceObject: {fileID: 0}
  m_PrefabInstance: {fileID: 0}
  m_PrefabAsset: {fileID: 0}
  m_GameObject: {fileID: 585373729}
  m_Material: {fileID: 0}
  m_IsTrigger: 0
  m_Enabled: 1
  serializedVersion: 2
  m_Size: {x: 1, y: 1, z: 1}
  m_Center: {x: 0, y: 0, z: 0}
--- !u!23 &585373731
MeshRenderer:
  m_ObjectHideFlags: 0
  m_CorrespondingSourceObject: {fileID: 0}
  m_PrefabInstance: {fileID: 0}
  m_PrefabAsset: {fileID: 0}
  m_GameObject: {fileID: 585373729}
  m_Enabled: 1
  m_CastShadows: 1
  m_ReceiveShadows: 1
  m_DynamicOccludee: 1
  m_MotionVectors: 1
  m_LightProbeUsage: 1
  m_ReflectionProbeUsage: 1
  m_RenderingLayerMask: 1
  m_RendererPriority: 0
  m_Materials:
  - {fileID: 2100000, guid: 31321ba15b8f8eb4c954353edc038b1d, type: 2}
  m_StaticBatchInfo:
    firstSubMesh: 0
    subMeshCount: 0
  m_StaticBatchRoot: {fileID: 0}
  m_ProbeAnchor: {fileID: 0}
  m_LightProbeVolumeOverride: {fileID: 0}
  m_ScaleInLightmap: 1
  m_ReceiveGI: 1
  m_PreserveUVs: 0
  m_IgnoreNormalsForChartDetection: 0
  m_ImportantGI: 0
  m_StitchLightmapSeams: 1
  m_SelectedEditorRenderState: 3
  m_MinimumChartSize: 4
  m_AutoUVMaxDistance: 0.5
  m_AutoUVMaxAngle: 89
  m_LightmapParameters: {fileID: 0}
  m_SortingLayerID: 0
  m_SortingLayer: 0
  m_SortingOrder: 0
--- !u!33 &585373732
MeshFilter:
  m_ObjectHideFlags: 0
  m_CorrespondingSourceObject: {fileID: 0}
  m_PrefabInstance: {fileID: 0}
  m_PrefabAsset: {fileID: 0}
  m_GameObject: {fileID: 585373729}
  m_Mesh: {fileID: 10202, guid: 0000000000000000e000000000000000, type: 0}
--- !u!4 &585373733
Transform:
  m_ObjectHideFlags: 0
  m_CorrespondingSourceObject: {fileID: 0}
  m_PrefabInstance: {fileID: 0}
  m_PrefabAsset: {fileID: 0}
  m_GameObject: {fileID: 585373729}
  m_LocalRotation: {x: -0, y: -0, z: -0, w: 1}
  m_LocalPosition: {x: 77.09207, y: -28.18681, z: -20.4971}
  m_LocalScale: {x: 19.3164, y: 38.6328, z: 19.3164}
  m_Children: []
  m_Father: {fileID: 1796955178}
  m_RootOrder: 2
  m_LocalEulerAnglesHint: {x: 0, y: 0, z: 0}
--- !u!1001 &666982986
PrefabInstance:
  m_ObjectHideFlags: 0
  serializedVersion: 2
  m_Modification:
    m_TransformParent: {fileID: 2024437084}
    m_Modifications:
    - target: {fileID: 6895288321362361416, guid: b813cfd693576cd42ac65ec237114180,
        type: 3}
      propertyPath: ColorModule.gradient.maxGradient.key2.r
      value: 1
      objectReference: {fileID: 0}
    - target: {fileID: 6895288321362361416, guid: b813cfd693576cd42ac65ec237114180,
        type: 3}
      propertyPath: ColorModule.gradient.maxGradient.key2.g
      value: 1
      objectReference: {fileID: 0}
    - target: {fileID: 6895288321362361416, guid: b813cfd693576cd42ac65ec237114180,
        type: 3}
      propertyPath: ColorModule.gradient.maxGradient.key3.r
      value: 1
      objectReference: {fileID: 0}
    - target: {fileID: 6895288321362361416, guid: b813cfd693576cd42ac65ec237114180,
        type: 3}
      propertyPath: ColorModule.gradient.maxGradient.key3.g
      value: 1
      objectReference: {fileID: 0}
    - target: {fileID: 6895288321362361416, guid: b813cfd693576cd42ac65ec237114180,
        type: 3}
      propertyPath: ColorModule.gradient.maxGradient.key3.b
      value: 1
      objectReference: {fileID: 0}
    - target: {fileID: 6895288321362361416, guid: b813cfd693576cd42ac65ec237114180,
        type: 3}
      propertyPath: ColorModule.gradient.maxGradient.ctime2
      value: 65535
      objectReference: {fileID: 0}
    - target: {fileID: 6895288321362361416, guid: b813cfd693576cd42ac65ec237114180,
        type: 3}
      propertyPath: ColorModule.gradient.maxGradient.ctime3
      value: 65535
      objectReference: {fileID: 0}
    - target: {fileID: 6895288321362361416, guid: b813cfd693576cd42ac65ec237114180,
        type: 3}
      propertyPath: ColorModule.gradient.maxGradient.m_NumColorKeys
      value: 3
      objectReference: {fileID: 0}
    - target: {fileID: 6895288321362361416, guid: b813cfd693576cd42ac65ec237114180,
        type: 3}
      propertyPath: ColorModule.gradient.maxGradient.ctime1
      value: 35081
      objectReference: {fileID: 0}
    - target: {fileID: 6895288321362361416, guid: b813cfd693576cd42ac65ec237114180,
        type: 3}
      propertyPath: ColorModule.gradient.maxGradient.key1.r
      value: 0.98828274
      objectReference: {fileID: 0}
    - target: {fileID: 6895288321362361416, guid: b813cfd693576cd42ac65ec237114180,
        type: 3}
      propertyPath: ColorModule.gradient.maxGradient.key1.g
      value: 0.8115495
      objectReference: {fileID: 0}
    - target: {fileID: 6895288321362361416, guid: b813cfd693576cd42ac65ec237114180,
        type: 3}
      propertyPath: ColorModule.gradient.maxGradient.key0.r
      value: 0.6320754
      objectReference: {fileID: 0}
    - target: {fileID: 6895288321362361416, guid: b813cfd693576cd42ac65ec237114180,
        type: 3}
      propertyPath: ColorModule.gradient.maxGradient.key0.g
      value: 0.020715486
      objectReference: {fileID: 0}
    - target: {fileID: 6895288321362361416, guid: b813cfd693576cd42ac65ec237114180,
        type: 3}
      propertyPath: ColorModule.gradient.maxGradient.key0.b
      value: 0
      objectReference: {fileID: 0}
    - target: {fileID: 6895288321362361416, guid: b813cfd693576cd42ac65ec237114180,
        type: 3}
      propertyPath: ColorModule.gradient.maxGradient.key2.b
      value: 1
      objectReference: {fileID: 0}
    - target: {fileID: 6895288321362361416, guid: b813cfd693576cd42ac65ec237114180,
        type: 3}
      propertyPath: ColorModule.gradient.maxGradient.ctime0
      value: 578
      objectReference: {fileID: 0}
    - target: {fileID: 6895288321362361417, guid: b813cfd693576cd42ac65ec237114180,
        type: 3}
      propertyPath: m_LocalPosition.x
      value: 5.492068
      objectReference: {fileID: 0}
    - target: {fileID: 6895288321362361417, guid: b813cfd693576cd42ac65ec237114180,
        type: 3}
      propertyPath: m_LocalPosition.y
      value: 0.8031883
      objectReference: {fileID: 0}
    - target: {fileID: 6895288321362361417, guid: b813cfd693576cd42ac65ec237114180,
        type: 3}
      propertyPath: m_LocalPosition.z
      value: 12.112899
      objectReference: {fileID: 0}
    - target: {fileID: 6895288321362361417, guid: b813cfd693576cd42ac65ec237114180,
        type: 3}
      propertyPath: m_LocalRotation.x
      value: -0
      objectReference: {fileID: 0}
    - target: {fileID: 6895288321362361417, guid: b813cfd693576cd42ac65ec237114180,
        type: 3}
      propertyPath: m_LocalRotation.y
      value: -0
      objectReference: {fileID: 0}
    - target: {fileID: 6895288321362361417, guid: b813cfd693576cd42ac65ec237114180,
        type: 3}
      propertyPath: m_LocalRotation.z
      value: -0
      objectReference: {fileID: 0}
    - target: {fileID: 6895288321362361417, guid: b813cfd693576cd42ac65ec237114180,
        type: 3}
      propertyPath: m_LocalRotation.w
      value: 1
      objectReference: {fileID: 0}
    - target: {fileID: 6895288321362361417, guid: b813cfd693576cd42ac65ec237114180,
        type: 3}
      propertyPath: m_RootOrder
      value: 11
      objectReference: {fileID: 0}
    - target: {fileID: 6895288321362361417, guid: b813cfd693576cd42ac65ec237114180,
        type: 3}
      propertyPath: m_LocalEulerAnglesHint.x
      value: 0
      objectReference: {fileID: 0}
    - target: {fileID: 6895288321362361417, guid: b813cfd693576cd42ac65ec237114180,
        type: 3}
      propertyPath: m_LocalEulerAnglesHint.y
      value: 0
      objectReference: {fileID: 0}
    - target: {fileID: 6895288321362361417, guid: b813cfd693576cd42ac65ec237114180,
        type: 3}
      propertyPath: m_LocalEulerAnglesHint.z
      value: 0
      objectReference: {fileID: 0}
    - target: {fileID: 6895288321362361418, guid: b813cfd693576cd42ac65ec237114180,
        type: 3}
      propertyPath: m_Name
      value: FireCharge
      objectReference: {fileID: 0}
    - target: {fileID: 6895288321875007196, guid: b813cfd693576cd42ac65ec237114180,
        type: 3}
      propertyPath: simulationSpeed
      value: 4
      objectReference: {fileID: 0}
    - target: {fileID: 6895288321875007199, guid: b813cfd693576cd42ac65ec237114180,
        type: 3}
      propertyPath: m_Materials.Array.data[0]
      value: 
      objectReference: {fileID: 2100000, guid: 776677ab3818fb249adaca05f4e04545, type: 2}
    - target: {fileID: 6895288323123115344, guid: b813cfd693576cd42ac65ec237114180,
        type: 3}
      propertyPath: simulationSpeed
      value: 3
      objectReference: {fileID: 0}
    - target: {fileID: 6895288323249606343, guid: b813cfd693576cd42ac65ec237114180,
        type: 3}
      propertyPath: m_Materials.Array.data[0]
      value: 
      objectReference: {fileID: 2100000, guid: 776677ab3818fb249adaca05f4e04545, type: 2}
    - target: {fileID: 6895288323249606343, guid: b813cfd693576cd42ac65ec237114180,
        type: 3}
      propertyPath: m_Materials.Array.data[1]
      value: 
      objectReference: {fileID: 2100000, guid: 9c49e4e6a9a5662419d47bc579e4867d, type: 2}
    m_RemovedComponents: []
  m_SourcePrefab: {fileID: 100100000, guid: b813cfd693576cd42ac65ec237114180, type: 3}
--- !u!4 &666982987 stripped
Transform:
  m_CorrespondingSourceObject: {fileID: 6895288321362361417, guid: b813cfd693576cd42ac65ec237114180,
    type: 3}
  m_PrefabInstance: {fileID: 666982986}
  m_PrefabAsset: {fileID: 0}
--- !u!1001 &710508762
PrefabInstance:
  m_ObjectHideFlags: 0
  serializedVersion: 2
  m_Modification:
    m_TransformParent: {fileID: 0}
    m_Modifications:
    - target: {fileID: 3201602381894058359, guid: 8d66bfa1711e51d46b79c74ab6db64f0,
        type: 3}
      propertyPath: m_LocalPosition.x
      value: -25.072699
      objectReference: {fileID: 0}
    - target: {fileID: 3201602381894058359, guid: 8d66bfa1711e51d46b79c74ab6db64f0,
        type: 3}
      propertyPath: m_LocalPosition.y
      value: 80.18643
      objectReference: {fileID: 0}
    - target: {fileID: 3201602381894058359, guid: 8d66bfa1711e51d46b79c74ab6db64f0,
        type: 3}
      propertyPath: m_LocalPosition.z
      value: 41.72505
      objectReference: {fileID: 0}
    - target: {fileID: 3201602381894058359, guid: 8d66bfa1711e51d46b79c74ab6db64f0,
        type: 3}
      propertyPath: m_LocalRotation.x
      value: -0.049000945
      objectReference: {fileID: 0}
    - target: {fileID: 3201602381894058359, guid: 8d66bfa1711e51d46b79c74ab6db64f0,
        type: 3}
      propertyPath: m_LocalRotation.y
      value: -0.9345457
      objectReference: {fileID: 0}
    - target: {fileID: 3201602381894058359, guid: 8d66bfa1711e51d46b79c74ab6db64f0,
        type: 3}
      propertyPath: m_LocalRotation.z
      value: 0.31745923
      objectReference: {fileID: 0}
    - target: {fileID: 3201602381894058359, guid: 8d66bfa1711e51d46b79c74ab6db64f0,
        type: 3}
      propertyPath: m_LocalRotation.w
      value: -0.15311095
      objectReference: {fileID: 0}
    - target: {fileID: 3201602381894058359, guid: 8d66bfa1711e51d46b79c74ab6db64f0,
        type: 3}
      propertyPath: m_RootOrder
      value: 4
      objectReference: {fileID: 0}
    - target: {fileID: 3201602381894058359, guid: 8d66bfa1711e51d46b79c74ab6db64f0,
        type: 3}
      propertyPath: m_LocalEulerAnglesHint.x
      value: 0
      objectReference: {fileID: 0}
    - target: {fileID: 3201602381894058359, guid: 8d66bfa1711e51d46b79c74ab6db64f0,
        type: 3}
      propertyPath: m_LocalEulerAnglesHint.y
      value: 0
      objectReference: {fileID: 0}
    - target: {fileID: 3201602381894058359, guid: 8d66bfa1711e51d46b79c74ab6db64f0,
        type: 3}
      propertyPath: m_LocalEulerAnglesHint.z
      value: 0
      objectReference: {fileID: 0}
    - target: {fileID: 3201602381894058362, guid: 8d66bfa1711e51d46b79c74ab6db64f0,
        type: 3}
      propertyPath: m_Name
      value: MainCameraBrain
      objectReference: {fileID: 0}
    m_RemovedComponents: []
  m_SourcePrefab: {fileID: 100100000, guid: 8d66bfa1711e51d46b79c74ab6db64f0, type: 3}
--- !u!4 &915015693 stripped
Transform:
  m_CorrespondingSourceObject: {fileID: 4042575631177731799, guid: 39058c22428be114aa1fda74825b4ecc,
    type: 3}
  m_PrefabInstance: {fileID: 4042575630464042714}
  m_PrefabAsset: {fileID: 0}
--- !u!1 &1055196385
GameObject:
  m_ObjectHideFlags: 0
  m_CorrespondingSourceObject: {fileID: 0}
  m_PrefabInstance: {fileID: 0}
  m_PrefabAsset: {fileID: 0}
  serializedVersion: 6
  m_Component:
  - component: {fileID: 1055196387}
  - component: {fileID: 1055196386}
  - component: {fileID: 1055196388}
  m_Layer: 0
  m_Name: Directional Light
  m_TagString: Untagged
  m_Icon: {fileID: 0}
  m_NavMeshLayer: 0
  m_StaticEditorFlags: 0
  m_IsActive: 1
--- !u!108 &1055196386
Light:
  m_ObjectHideFlags: 0
  m_CorrespondingSourceObject: {fileID: 0}
  m_PrefabInstance: {fileID: 0}
  m_PrefabAsset: {fileID: 0}
  m_GameObject: {fileID: 1055196385}
  m_Enabled: 1
  serializedVersion: 9
  m_Type: 1
  m_Color: {r: 1, g: 1, b: 1, a: 1}
  m_Intensity: 1
  m_Range: 10
  m_SpotAngle: 30
  m_InnerSpotAngle: 21.80208
  m_CookieSize: 10
  m_Shadows:
    m_Type: 2
    m_Resolution: -1
    m_CustomResolution: -1
    m_Strength: 0.381
    m_Bias: 0
    m_NormalBias: 0
    m_NearPlane: 10
    m_CullingMatrixOverride:
      e00: 1
      e01: 0
      e02: 0
      e03: 0
      e10: 0
      e11: 1
      e12: 0
      e13: 0
      e20: 0
      e21: 0
      e22: 1
      e23: 0
      e30: 0
      e31: 0
      e32: 0
      e33: 1
    m_UseCullingMatrixOverride: 0
  m_Cookie: {fileID: 0}
  m_DrawHalo: 0
  m_Flare: {fileID: 0}
  m_RenderMode: 0
  m_CullingMask:
    serializedVersion: 2
    m_Bits: 4294967295
  m_RenderingLayerMask: 1
  m_Lightmapping: 4
  m_LightShadowCasterMode: 0
  m_AreaSize: {x: 1, y: 1}
  m_BounceIntensity: 1
  m_ColorTemperature: 6570
  m_UseColorTemperature: 0
  m_BoundingSphereOverride: {x: 0, y: 0, z: 0, w: 0}
  m_UseBoundingSphereOverride: 0
  m_ShadowRadius: 0
  m_ShadowAngle: 0
--- !u!4 &1055196387
Transform:
  m_ObjectHideFlags: 0
  m_CorrespondingSourceObject: {fileID: 0}
  m_PrefabInstance: {fileID: 0}
  m_PrefabAsset: {fileID: 0}
  m_GameObject: {fileID: 1055196385}
  m_LocalRotation: {x: 0.13357297, y: 0.8615289, z: -0.38330254, w: 0.30496794}
  m_LocalPosition: {x: 0, y: 0, z: 0}
  m_LocalScale: {x: 1, y: 1, z: 1}
  m_Children: []
  m_Father: {fileID: 1796955178}
  m_RootOrder: 0
  m_LocalEulerAnglesHint: {x: 47.895, y: 140.876, z: -0.31100002}
--- !u!114 &1055196388
MonoBehaviour:
  m_ObjectHideFlags: 0
  m_CorrespondingSourceObject: {fileID: 0}
  m_PrefabInstance: {fileID: 0}
  m_PrefabAsset: {fileID: 0}
  m_GameObject: {fileID: 1055196385}
  m_Enabled: 1
  m_EditorHideFlags: 0
  m_Script: {fileID: 11500000, guid: 474bcb49853aa07438625e644c072ee6, type: 3}
  m_Name: 
  m_EditorClassIdentifier: 
  m_UsePipelineSettings: 1
--- !u!1 &1062184430
GameObject:
  m_ObjectHideFlags: 0
  m_CorrespondingSourceObject: {fileID: 0}
  m_PrefabInstance: {fileID: 0}
  m_PrefabAsset: {fileID: 0}
  serializedVersion: 6
  m_Component:
  - component: {fileID: 1062184431}
  - component: {fileID: 1062184434}
  - component: {fileID: 1062184433}
  - component: {fileID: 1062184432}
  m_Layer: 9
  m_Name: Cube
  m_TagString: Untagged
  m_Icon: {fileID: 0}
  m_NavMeshLayer: 0
  m_StaticEditorFlags: 0
  m_IsActive: 1
--- !u!4 &1062184431
Transform:
  m_ObjectHideFlags: 0
  m_CorrespondingSourceObject: {fileID: 0}
  m_PrefabInstance: {fileID: 0}
  m_PrefabAsset: {fileID: 0}
  m_GameObject: {fileID: 1062184430}
  m_LocalRotation: {x: -0, y: -0, z: -0, w: 1}
  m_LocalPosition: {x: 6.040312, y: -46.446808, z: 0.6396961}
  m_LocalScale: {x: 86.43373, y: 86.43373, z: 86.43373}
  m_Children: []
  m_Father: {fileID: 1796955178}
  m_RootOrder: 4
  m_LocalEulerAnglesHint: {x: 0, y: 0, z: 0}
--- !u!65 &1062184432
BoxCollider:
  m_ObjectHideFlags: 0
  m_CorrespondingSourceObject: {fileID: 0}
  m_PrefabInstance: {fileID: 0}
  m_PrefabAsset: {fileID: 0}
  m_GameObject: {fileID: 1062184430}
  m_Material: {fileID: 0}
  m_IsTrigger: 0
  m_Enabled: 1
  serializedVersion: 2
  m_Size: {x: 1, y: 1, z: 1}
  m_Center: {x: 0, y: 0, z: 0}
--- !u!23 &1062184433
MeshRenderer:
  m_ObjectHideFlags: 0
  m_CorrespondingSourceObject: {fileID: 0}
  m_PrefabInstance: {fileID: 0}
  m_PrefabAsset: {fileID: 0}
  m_GameObject: {fileID: 1062184430}
  m_Enabled: 1
  m_CastShadows: 1
  m_ReceiveShadows: 1
  m_DynamicOccludee: 1
  m_MotionVectors: 1
  m_LightProbeUsage: 1
  m_ReflectionProbeUsage: 1
  m_RenderingLayerMask: 1
  m_RendererPriority: 0
  m_Materials:
  - {fileID: 2100000, guid: 31321ba15b8f8eb4c954353edc038b1d, type: 2}
  m_StaticBatchInfo:
    firstSubMesh: 0
    subMeshCount: 0
  m_StaticBatchRoot: {fileID: 0}
  m_ProbeAnchor: {fileID: 0}
  m_LightProbeVolumeOverride: {fileID: 0}
  m_ScaleInLightmap: 1
  m_ReceiveGI: 1
  m_PreserveUVs: 0
  m_IgnoreNormalsForChartDetection: 0
  m_ImportantGI: 0
  m_StitchLightmapSeams: 1
  m_SelectedEditorRenderState: 3
  m_MinimumChartSize: 4
  m_AutoUVMaxDistance: 0.5
  m_AutoUVMaxAngle: 89
  m_LightmapParameters: {fileID: 0}
  m_SortingLayerID: 0
  m_SortingLayer: 0
  m_SortingOrder: 0
--- !u!33 &1062184434
MeshFilter:
  m_ObjectHideFlags: 0
  m_CorrespondingSourceObject: {fileID: 0}
  m_PrefabInstance: {fileID: 0}
  m_PrefabAsset: {fileID: 0}
  m_GameObject: {fileID: 1062184430}
  m_Mesh: {fileID: 10202, guid: 0000000000000000e000000000000000, type: 0}
--- !u!1 &1314254682
GameObject:
  m_ObjectHideFlags: 0
  m_CorrespondingSourceObject: {fileID: 0}
  m_PrefabInstance: {fileID: 0}
  m_PrefabAsset: {fileID: 0}
  serializedVersion: 6
  m_Component:
  - component: {fileID: 1314254684}
  - component: {fileID: 1314254683}
  m_Layer: 0
  m_Name: WwiseGlobal
  m_TagString: Untagged
  m_Icon: {fileID: 0}
  m_NavMeshLayer: 0
  m_StaticEditorFlags: 0
  m_IsActive: 1
--- !u!114 &1314254683
MonoBehaviour:
  m_ObjectHideFlags: 0
  m_CorrespondingSourceObject: {fileID: 0}
  m_PrefabInstance: {fileID: 0}
  m_PrefabAsset: {fileID: 0}
  m_GameObject: {fileID: 1314254682}
  m_Enabled: 1
  m_EditorHideFlags: 0
  m_Script: {fileID: 11500000, guid: 67bde1771ee7bdc40865c474741a5b9b, type: 3}
  m_Name: 
  m_EditorClassIdentifier: 
  InitializationSettings: {fileID: 11400000, guid: 774652b313eee1940a5700e5a67e884b,
    type: 2}
  basePath: 
  language: 
  defaultPoolSize: 1073741824
  lowerPoolSize: 0
  streamingPoolSize: 0
  memoryCutoffThreshold: 0
  monitorPoolSize: 0
  monitorQueuePoolSize: 0
  callbackManagerBufferSize: 0
  spatialAudioPoolSize: 0
  maxSoundPropagationDepth: 0
  diffractionFlags: 11
  engineLogging: 0
--- !u!4 &1314254684
Transform:
  m_ObjectHideFlags: 0
  m_CorrespondingSourceObject: {fileID: 0}
  m_PrefabInstance: {fileID: 0}
  m_PrefabAsset: {fileID: 0}
  m_GameObject: {fileID: 1314254682}
  m_LocalRotation: {x: -0, y: -0, z: -0, w: 1}
  m_LocalPosition: {x: 4.0920677, y: -63.04681, z: 1.5028992}
  m_LocalScale: {x: 1, y: 1, z: 1}
  m_Children: []
  m_Father: {fileID: 1796955178}
  m_RootOrder: 1
  m_LocalEulerAnglesHint: {x: 0, y: 0, z: 0}
--- !u!4 &1692204450 stripped
Transform:
  m_CorrespondingSourceObject: {fileID: -4216859302048453862, guid: d187ef35d2c06bb409ae619896ad0437,
    type: 3}
  m_PrefabInstance: {fileID: 567556704}
  m_PrefabAsset: {fileID: 0}
--- !u!1 &1796955177
GameObject:
  m_ObjectHideFlags: 0
  m_CorrespondingSourceObject: {fileID: 0}
  m_PrefabInstance: {fileID: 0}
  m_PrefabAsset: {fileID: 0}
  serializedVersion: 6
  m_Component:
  - component: {fileID: 1796955178}
  m_Layer: 0
  m_Name: Scene
  m_TagString: Untagged
  m_Icon: {fileID: 0}
  m_NavMeshLayer: 0
  m_StaticEditorFlags: 0
  m_IsActive: 1
--- !u!4 &1796955178
Transform:
  m_ObjectHideFlags: 0
  m_CorrespondingSourceObject: {fileID: 0}
  m_PrefabInstance: {fileID: 0}
  m_PrefabAsset: {fileID: 0}
  m_GameObject: {fileID: 1796955177}
  m_LocalRotation: {x: 0, y: 0, z: 0, w: 1}
  m_LocalPosition: {x: -4.0920677, y: 63.04681, z: -1.5028992}
  m_LocalScale: {x: 1, y: 1, z: 1}
  m_Children:
  - {fileID: 1055196387}
  - {fileID: 1314254684}
  - {fileID: 585373733}
  - {fileID: 1692204450}
  - {fileID: 1062184431}
  - {fileID: 388159068}
  m_Father: {fileID: 0}
  m_RootOrder: 0
  m_LocalEulerAnglesHint: {x: 0, y: 0, z: 0}
--- !u!1 &1941494326
GameObject:
  m_ObjectHideFlags: 0
  m_CorrespondingSourceObject: {fileID: 0}
  m_PrefabInstance: {fileID: 0}
  m_PrefabAsset: {fileID: 0}
  serializedVersion: 6
  m_Component:
  - component: {fileID: 1941494327}
  m_Layer: 0
  m_Name: Characters
  m_TagString: Untagged
  m_Icon: {fileID: 0}
  m_NavMeshLayer: 0
  m_StaticEditorFlags: 0
  m_IsActive: 1
--- !u!4 &1941494327
Transform:
  m_ObjectHideFlags: 0
  m_CorrespondingSourceObject: {fileID: 0}
  m_PrefabInstance: {fileID: 0}
  m_PrefabAsset: {fileID: 0}
  m_GameObject: {fileID: 1941494326}
  m_LocalRotation: {x: 0, y: 0, z: 0, w: 1}
  m_LocalPosition: {x: -4.0920677, y: 63.04681, z: -1.5028992}
  m_LocalScale: {x: 1, y: 1, z: 1}
  m_Children:
  - {fileID: 2126697798}
  m_Father: {fileID: 0}
  m_RootOrder: 2
  m_LocalEulerAnglesHint: {x: 0, y: 0, z: 0}
--- !u!4 &2002909722 stripped
Transform:
  m_CorrespondingSourceObject: {fileID: 4260899240641424317, guid: e96d397f0ef14b64280d6436c93bd69d,
    type: 3}
  m_PrefabInstance: {fileID: 4260899240827949479}
  m_PrefabAsset: {fileID: 0}
--- !u!1 &2024437083
GameObject:
  m_ObjectHideFlags: 0
  m_CorrespondingSourceObject: {fileID: 0}
  m_PrefabInstance: {fileID: 0}
  m_PrefabAsset: {fileID: 0}
  serializedVersion: 6
  m_Component:
  - component: {fileID: 2024437084}
  m_Layer: 0
  m_Name: Particles
  m_TagString: Untagged
  m_Icon: {fileID: 0}
  m_NavMeshLayer: 0
  m_StaticEditorFlags: 0
  m_IsActive: 1
--- !u!4 &2024437084
Transform:
  m_ObjectHideFlags: 0
  m_CorrespondingSourceObject: {fileID: 0}
  m_PrefabInstance: {fileID: 0}
  m_PrefabAsset: {fileID: 0}
  m_GameObject: {fileID: 2024437083}
  m_LocalRotation: {x: 0, y: 0, z: 0, w: 1}
  m_LocalPosition: {x: -4.0920677, y: 63.04681, z: -1.5028992}
  m_LocalScale: {x: 1, y: 1, z: 1}
  m_Children:
  - {fileID: 2103581057}
  - {fileID: 3310195269738225812}
  - {fileID: 8302194218954067065}
  - {fileID: 6362390437909456147}
  - {fileID: 2830111036653706941}
  - {fileID: 1096963805608773646}
  - {fileID: 1468567882835093498}
  - {fileID: 167585914728088753}
  - {fileID: 9160848773676723619}
  - {fileID: 392821695465918426}
  - {fileID: 2002909722}
  - {fileID: 666982987}
  - {fileID: 59553154}
  - {fileID: 2700345245794717899}
  - {fileID: 1756343332373434260}
  - {fileID: 915015693}
  m_Father: {fileID: 0}
  m_RootOrder: 3
  m_LocalEulerAnglesHint: {x: 0, y: 0, z: 0}
--- !u!1001 &2103581056
PrefabInstance:
  m_ObjectHideFlags: 0
  serializedVersion: 2
  m_Modification:
    m_TransformParent: {fileID: 2024437084}
    m_Modifications:
    - target: {fileID: 1306605793903958, guid: 9ce4142b18056ab4b813713b878856ca, type: 3}
      propertyPath: m_Name
      value: ElectricitySphere
      objectReference: {fileID: 0}
    - target: {fileID: 4870030517758886, guid: 9ce4142b18056ab4b813713b878856ca, type: 3}
      propertyPath: m_LocalPosition.x
      value: 4.55
      objectReference: {fileID: 0}
    - target: {fileID: 4870030517758886, guid: 9ce4142b18056ab4b813713b878856ca, type: 3}
      propertyPath: m_LocalPosition.y
      value: -0.23680878
      objectReference: {fileID: 0}
    - target: {fileID: 4870030517758886, guid: 9ce4142b18056ab4b813713b878856ca, type: 3}
      propertyPath: m_LocalPosition.z
      value: 1.5028992
      objectReference: {fileID: 0}
    - target: {fileID: 4870030517758886, guid: 9ce4142b18056ab4b813713b878856ca, type: 3}
      propertyPath: m_LocalRotation.x
      value: -0
      objectReference: {fileID: 0}
    - target: {fileID: 4870030517758886, guid: 9ce4142b18056ab4b813713b878856ca, type: 3}
      propertyPath: m_LocalRotation.y
      value: -0
      objectReference: {fileID: 0}
    - target: {fileID: 4870030517758886, guid: 9ce4142b18056ab4b813713b878856ca, type: 3}
      propertyPath: m_LocalRotation.z
      value: -0
      objectReference: {fileID: 0}
    - target: {fileID: 4870030517758886, guid: 9ce4142b18056ab4b813713b878856ca, type: 3}
      propertyPath: m_LocalRotation.w
      value: 1
      objectReference: {fileID: 0}
    - target: {fileID: 4870030517758886, guid: 9ce4142b18056ab4b813713b878856ca, type: 3}
      propertyPath: m_RootOrder
      value: 0
      objectReference: {fileID: 0}
    - target: {fileID: 4870030517758886, guid: 9ce4142b18056ab4b813713b878856ca, type: 3}
      propertyPath: m_LocalEulerAnglesHint.x
      value: 0
      objectReference: {fileID: 0}
    - target: {fileID: 4870030517758886, guid: 9ce4142b18056ab4b813713b878856ca, type: 3}
      propertyPath: m_LocalEulerAnglesHint.y
      value: 0
      objectReference: {fileID: 0}
    - target: {fileID: 4870030517758886, guid: 9ce4142b18056ab4b813713b878856ca, type: 3}
      propertyPath: m_LocalEulerAnglesHint.z
      value: 0
      objectReference: {fileID: 0}
    m_RemovedComponents: []
  m_SourcePrefab: {fileID: 100100000, guid: 9ce4142b18056ab4b813713b878856ca, type: 3}
--- !u!4 &2103581057 stripped
Transform:
  m_CorrespondingSourceObject: {fileID: 4870030517758886, guid: 9ce4142b18056ab4b813713b878856ca,
    type: 3}
  m_PrefabInstance: {fileID: 2103581056}
  m_PrefabAsset: {fileID: 0}
--- !u!1001 &2126697797
PrefabInstance:
  m_ObjectHideFlags: 0
  serializedVersion: 2
  m_Modification:
    m_TransformParent: {fileID: 1941494327}
    m_Modifications:
    - target: {fileID: 3534910395285397489, guid: dad2d97bcd08e10408dd5a999d920b0d,
        type: 3}
      propertyPath: m_Name
      value: EnemyHoverDrone
      objectReference: {fileID: 0}
    - target: {fileID: 3534910395285397490, guid: dad2d97bcd08e10408dd5a999d920b0d,
        type: 3}
      propertyPath: m_LocalPosition.x
      value: 5.9420676
      objectReference: {fileID: 0}
    - target: {fileID: 3534910395285397490, guid: dad2d97bcd08e10408dd5a999d920b0d,
        type: 3}
      propertyPath: m_LocalPosition.y
      value: -5.4468117
      objectReference: {fileID: 0}
    - target: {fileID: 3534910395285397490, guid: dad2d97bcd08e10408dd5a999d920b0d,
        type: 3}
      propertyPath: m_LocalPosition.z
      value: 1.5028992
      objectReference: {fileID: 0}
    - target: {fileID: 3534910395285397490, guid: dad2d97bcd08e10408dd5a999d920b0d,
        type: 3}
      propertyPath: m_LocalRotation.x
      value: -0
      objectReference: {fileID: 0}
    - target: {fileID: 3534910395285397490, guid: dad2d97bcd08e10408dd5a999d920b0d,
        type: 3}
      propertyPath: m_LocalRotation.y
      value: -0
      objectReference: {fileID: 0}
    - target: {fileID: 3534910395285397490, guid: dad2d97bcd08e10408dd5a999d920b0d,
        type: 3}
      propertyPath: m_LocalRotation.z
      value: -0
      objectReference: {fileID: 0}
    - target: {fileID: 3534910395285397490, guid: dad2d97bcd08e10408dd5a999d920b0d,
        type: 3}
      propertyPath: m_LocalRotation.w
      value: 1
      objectReference: {fileID: 0}
    - target: {fileID: 3534910395285397490, guid: dad2d97bcd08e10408dd5a999d920b0d,
        type: 3}
      propertyPath: m_RootOrder
      value: 0
      objectReference: {fileID: 0}
    - target: {fileID: 3534910395285397490, guid: dad2d97bcd08e10408dd5a999d920b0d,
        type: 3}
      propertyPath: m_LocalEulerAnglesHint.x
      value: 0
      objectReference: {fileID: 0}
    - target: {fileID: 3534910395285397490, guid: dad2d97bcd08e10408dd5a999d920b0d,
        type: 3}
      propertyPath: m_LocalEulerAnglesHint.y
      value: 0
      objectReference: {fileID: 0}
    - target: {fileID: 3534910395285397490, guid: dad2d97bcd08e10408dd5a999d920b0d,
        type: 3}
      propertyPath: m_LocalEulerAnglesHint.z
      value: 0
      objectReference: {fileID: 0}
    m_RemovedComponents: []
  m_SourcePrefab: {fileID: 100100000, guid: dad2d97bcd08e10408dd5a999d920b0d, type: 3}
--- !u!4 &2126697798 stripped
Transform:
  m_CorrespondingSourceObject: {fileID: 3534910395285397490, guid: dad2d97bcd08e10408dd5a999d920b0d,
    type: 3}
  m_PrefabInstance: {fileID: 2126697797}
  m_PrefabAsset: {fileID: 0}
--- !u!1001 &167585914728088752
PrefabInstance:
  m_ObjectHideFlags: 0
  serializedVersion: 2
  m_Modification:
    m_TransformParent: {fileID: 2024437084}
    m_Modifications:
    - target: {fileID: 1463167975387202110, guid: 8c5a7b297a6b840448039720dbc48c8d,
        type: 3}
      propertyPath: m_Name
      value: Landing
      objectReference: {fileID: 0}
    - target: {fileID: 6358717291194311334, guid: 8c5a7b297a6b840448039720dbc48c8d,
        type: 3}
      propertyPath: m_LocalPosition.x
      value: -7.6679325
      objectReference: {fileID: 0}
    - target: {fileID: 6358717291194311334, guid: 8c5a7b297a6b840448039720dbc48c8d,
        type: 3}
      propertyPath: m_LocalPosition.y
      value: -3.1468086
      objectReference: {fileID: 0}
    - target: {fileID: 6358717291194311334, guid: 8c5a7b297a6b840448039720dbc48c8d,
        type: 3}
      propertyPath: m_LocalPosition.z
      value: 1.0128992
      objectReference: {fileID: 0}
    - target: {fileID: 6358717291194311334, guid: 8c5a7b297a6b840448039720dbc48c8d,
        type: 3}
      propertyPath: m_LocalRotation.x
      value: -0.7071068
      objectReference: {fileID: 0}
    - target: {fileID: 6358717291194311334, guid: 8c5a7b297a6b840448039720dbc48c8d,
        type: 3}
      propertyPath: m_LocalRotation.y
      value: -0
      objectReference: {fileID: 0}
    - target: {fileID: 6358717291194311334, guid: 8c5a7b297a6b840448039720dbc48c8d,
        type: 3}
      propertyPath: m_LocalRotation.z
      value: -0
      objectReference: {fileID: 0}
    - target: {fileID: 6358717291194311334, guid: 8c5a7b297a6b840448039720dbc48c8d,
        type: 3}
      propertyPath: m_LocalRotation.w
      value: 0.7071068
      objectReference: {fileID: 0}
    - target: {fileID: 6358717291194311334, guid: 8c5a7b297a6b840448039720dbc48c8d,
        type: 3}
      propertyPath: m_RootOrder
      value: 7
      objectReference: {fileID: 0}
    - target: {fileID: 6358717291194311334, guid: 8c5a7b297a6b840448039720dbc48c8d,
        type: 3}
      propertyPath: m_LocalEulerAnglesHint.x
      value: 0
      objectReference: {fileID: 0}
    - target: {fileID: 6358717291194311334, guid: 8c5a7b297a6b840448039720dbc48c8d,
        type: 3}
      propertyPath: m_LocalEulerAnglesHint.y
      value: 0
      objectReference: {fileID: 0}
    - target: {fileID: 6358717291194311334, guid: 8c5a7b297a6b840448039720dbc48c8d,
        type: 3}
      propertyPath: m_LocalEulerAnglesHint.z
      value: 0
      objectReference: {fileID: 0}
    m_RemovedComponents: []
  m_SourcePrefab: {fileID: 100100000, guid: 8c5a7b297a6b840448039720dbc48c8d, type: 3}
--- !u!4 &167585914728088753 stripped
Transform:
  m_CorrespondingSourceObject: {fileID: 6358717291194311334, guid: 8c5a7b297a6b840448039720dbc48c8d,
    type: 3}
  m_PrefabInstance: {fileID: 167585914728088752}
  m_PrefabAsset: {fileID: 0}
--- !u!1001 &392821695465918425
PrefabInstance:
  m_ObjectHideFlags: 0
  serializedVersion: 2
  m_Modification:
    m_TransformParent: {fileID: 2024437084}
    m_Modifications:
    - target: {fileID: 3651844222985835729, guid: 460573b2c94fc984ebb5e21b46a45a8d,
        type: 3}
      propertyPath: m_LocalPosition.x
      value: -12.507933
      objectReference: {fileID: 0}
    - target: {fileID: 3651844222985835729, guid: 460573b2c94fc984ebb5e21b46a45a8d,
        type: 3}
      propertyPath: m_LocalPosition.y
      value: 1.373188
      objectReference: {fileID: 0}
    - target: {fileID: 3651844222985835729, guid: 460573b2c94fc984ebb5e21b46a45a8d,
        type: 3}
      propertyPath: m_LocalPosition.z
      value: 31.402899
      objectReference: {fileID: 0}
    - target: {fileID: 3651844222985835729, guid: 460573b2c94fc984ebb5e21b46a45a8d,
        type: 3}
      propertyPath: m_LocalRotation.x
      value: -0.7071068
      objectReference: {fileID: 0}
    - target: {fileID: 3651844222985835729, guid: 460573b2c94fc984ebb5e21b46a45a8d,
        type: 3}
      propertyPath: m_LocalRotation.y
      value: -0
      objectReference: {fileID: 0}
    - target: {fileID: 3651844222985835729, guid: 460573b2c94fc984ebb5e21b46a45a8d,
        type: 3}
      propertyPath: m_LocalRotation.z
      value: -0
      objectReference: {fileID: 0}
    - target: {fileID: 3651844222985835729, guid: 460573b2c94fc984ebb5e21b46a45a8d,
        type: 3}
      propertyPath: m_LocalRotation.w
      value: 0.7071068
      objectReference: {fileID: 0}
    - target: {fileID: 3651844222985835729, guid: 460573b2c94fc984ebb5e21b46a45a8d,
        type: 3}
      propertyPath: m_RootOrder
      value: 9
      objectReference: {fileID: 0}
    - target: {fileID: 3651844222985835729, guid: 460573b2c94fc984ebb5e21b46a45a8d,
        type: 3}
      propertyPath: m_LocalEulerAnglesHint.x
      value: -90
      objectReference: {fileID: 0}
    - target: {fileID: 3651844222985835729, guid: 460573b2c94fc984ebb5e21b46a45a8d,
        type: 3}
      propertyPath: m_LocalEulerAnglesHint.y
      value: 0
      objectReference: {fileID: 0}
    - target: {fileID: 3651844222985835729, guid: 460573b2c94fc984ebb5e21b46a45a8d,
        type: 3}
      propertyPath: m_LocalEulerAnglesHint.z
      value: 0
      objectReference: {fileID: 0}
    - target: {fileID: 3749574646538993001, guid: 460573b2c94fc984ebb5e21b46a45a8d,
        type: 3}
      propertyPath: m_Name
      value: BlackSmoke
      objectReference: {fileID: 0}
    m_RemovedComponents: []
  m_SourcePrefab: {fileID: 100100000, guid: 460573b2c94fc984ebb5e21b46a45a8d, type: 3}
--- !u!4 &392821695465918426 stripped
Transform:
  m_CorrespondingSourceObject: {fileID: 3651844222985835729, guid: 460573b2c94fc984ebb5e21b46a45a8d,
    type: 3}
  m_PrefabInstance: {fileID: 392821695465918425}
  m_PrefabAsset: {fileID: 0}
--- !u!4 &1096963805608773646 stripped
Transform:
  m_CorrespondingSourceObject: {fileID: 1517490943561154813, guid: 4a42ca4f1aec6294ebbe94c64de21dd4,
    type: 3}
  m_PrefabInstance: {fileID: 1888705055726520563}
  m_PrefabAsset: {fileID: 0}
--- !u!1001 &1468567882835093497
PrefabInstance:
  m_ObjectHideFlags: 0
  serializedVersion: 2
  m_Modification:
    m_TransformParent: {fileID: 2024437084}
    m_Modifications:
    - target: {fileID: 1091041436914539911, guid: a9e9cc877c0f73c418d4e1e8a1ad5d6d,
        type: 3}
      propertyPath: m_RootOrder
      value: 6
      objectReference: {fileID: 0}
    - target: {fileID: 8005346057151146019, guid: a9e9cc877c0f73c418d4e1e8a1ad5d6d,
        type: 3}
      propertyPath: m_Name
      value: FireThrusterOnce
      objectReference: {fileID: 0}
    - target: {fileID: 8005346057151146077, guid: a9e9cc877c0f73c418d4e1e8a1ad5d6d,
        type: 3}
      propertyPath: looping
      value: 0
      objectReference: {fileID: 0}
    - target: {fileID: 8005346057151146077, guid: a9e9cc877c0f73c418d4e1e8a1ad5d6d,
        type: 3}
      propertyPath: lengthInSec
      value: 0.4
      objectReference: {fileID: 0}
    - target: {fileID: 8005346057151146077, guid: a9e9cc877c0f73c418d4e1e8a1ad5d6d,
        type: 3}
      propertyPath: InitialModule.startLifetime.scalar
      value: 0.4
      objectReference: {fileID: 0}
    - target: {fileID: 8005346057151146077, guid: a9e9cc877c0f73c418d4e1e8a1ad5d6d,
        type: 3}
      propertyPath: InitialModule.startSpeed.scalar
      value: 5
      objectReference: {fileID: 0}
    - target: {fileID: 8005346057151146077, guid: a9e9cc877c0f73c418d4e1e8a1ad5d6d,
        type: 3}
      propertyPath: EmissionModule.rateOverTime.scalar
      value: 200
      objectReference: {fileID: 0}
    - target: {fileID: 8005346057151146077, guid: a9e9cc877c0f73c418d4e1e8a1ad5d6d,
        type: 3}
      propertyPath: playOnAwake
      value: 0
      objectReference: {fileID: 0}
    - target: {fileID: 8005346057151146078, guid: a9e9cc877c0f73c418d4e1e8a1ad5d6d,
        type: 3}
      propertyPath: m_LocalPosition.x
      value: -7.027932
      objectReference: {fileID: 0}
    - target: {fileID: 8005346057151146078, guid: a9e9cc877c0f73c418d4e1e8a1ad5d6d,
        type: 3}
      propertyPath: m_LocalPosition.y
      value: 1.590992
      objectReference: {fileID: 0}
    - target: {fileID: 8005346057151146078, guid: a9e9cc877c0f73c418d4e1e8a1ad5d6d,
        type: 3}
      propertyPath: m_LocalPosition.z
      value: -3.097
      objectReference: {fileID: 0}
    - target: {fileID: 8005346057151146078, guid: a9e9cc877c0f73c418d4e1e8a1ad5d6d,
        type: 3}
      propertyPath: m_LocalRotation.x
      value: 0.7071068
      objectReference: {fileID: 0}
    - target: {fileID: 8005346057151146078, guid: a9e9cc877c0f73c418d4e1e8a1ad5d6d,
        type: 3}
      propertyPath: m_LocalRotation.y
      value: -0
      objectReference: {fileID: 0}
    - target: {fileID: 8005346057151146078, guid: a9e9cc877c0f73c418d4e1e8a1ad5d6d,
        type: 3}
      propertyPath: m_LocalRotation.z
      value: -0
      objectReference: {fileID: 0}
    - target: {fileID: 8005346057151146078, guid: a9e9cc877c0f73c418d4e1e8a1ad5d6d,
        type: 3}
      propertyPath: m_LocalRotation.w
      value: 0.7071068
      objectReference: {fileID: 0}
    - target: {fileID: 8005346057151146078, guid: a9e9cc877c0f73c418d4e1e8a1ad5d6d,
        type: 3}
      propertyPath: m_RootOrder
      value: 6
      objectReference: {fileID: 0}
    - target: {fileID: 8005346057151146078, guid: a9e9cc877c0f73c418d4e1e8a1ad5d6d,
        type: 3}
      propertyPath: m_LocalEulerAnglesHint.x
      value: 90
      objectReference: {fileID: 0}
    - target: {fileID: 8005346057151146078, guid: a9e9cc877c0f73c418d4e1e8a1ad5d6d,
        type: 3}
      propertyPath: m_LocalEulerAnglesHint.y
      value: 0
      objectReference: {fileID: 0}
    - target: {fileID: 8005346057151146078, guid: a9e9cc877c0f73c418d4e1e8a1ad5d6d,
        type: 3}
      propertyPath: m_LocalEulerAnglesHint.z
      value: 0
      objectReference: {fileID: 0}
    m_RemovedComponents: []
  m_SourcePrefab: {fileID: 100100000, guid: a9e9cc877c0f73c418d4e1e8a1ad5d6d, type: 3}
--- !u!4 &1468567882835093498 stripped
Transform:
  m_CorrespondingSourceObject: {fileID: 1091041436914539911, guid: a9e9cc877c0f73c418d4e1e8a1ad5d6d,
    type: 3}
  m_PrefabInstance: {fileID: 1468567882835093497}
  m_PrefabAsset: {fileID: 0}
--- !u!1001 &1756343332373434259
PrefabInstance:
  m_ObjectHideFlags: 0
  serializedVersion: 2
  m_Modification:
    m_TransformParent: {fileID: 2024437084}
    m_Modifications:
    - target: {fileID: 7533553140869868352, guid: 7d78b9411a84a6d479aa49cd76320a12,
        type: 3}
      propertyPath: m_LocalPosition.x
      value: 5.93
      objectReference: {fileID: 0}
    - target: {fileID: 7533553140869868352, guid: 7d78b9411a84a6d479aa49cd76320a12,
        type: 3}
      propertyPath: m_LocalPosition.y
      value: 0.85
      objectReference: {fileID: 0}
    - target: {fileID: 7533553140869868352, guid: 7d78b9411a84a6d479aa49cd76320a12,
        type: 3}
      propertyPath: m_LocalPosition.z
      value: 12.47
      objectReference: {fileID: 0}
    - target: {fileID: 7533553140869868352, guid: 7d78b9411a84a6d479aa49cd76320a12,
        type: 3}
      propertyPath: m_LocalRotation.x
      value: -0
      objectReference: {fileID: 0}
    - target: {fileID: 7533553140869868352, guid: 7d78b9411a84a6d479aa49cd76320a12,
        type: 3}
      propertyPath: m_LocalRotation.y
      value: -0
      objectReference: {fileID: 0}
    - target: {fileID: 7533553140869868352, guid: 7d78b9411a84a6d479aa49cd76320a12,
        type: 3}
      propertyPath: m_LocalRotation.z
      value: -0
      objectReference: {fileID: 0}
    - target: {fileID: 7533553140869868352, guid: 7d78b9411a84a6d479aa49cd76320a12,
        type: 3}
      propertyPath: m_LocalRotation.w
      value: 1
      objectReference: {fileID: 0}
    - target: {fileID: 7533553140869868352, guid: 7d78b9411a84a6d479aa49cd76320a12,
        type: 3}
      propertyPath: m_RootOrder
      value: 14
      objectReference: {fileID: 0}
    - target: {fileID: 7533553140869868352, guid: 7d78b9411a84a6d479aa49cd76320a12,
        type: 3}
      propertyPath: m_LocalEulerAnglesHint.x
      value: 0
      objectReference: {fileID: 0}
    - target: {fileID: 7533553140869868352, guid: 7d78b9411a84a6d479aa49cd76320a12,
        type: 3}
      propertyPath: m_LocalEulerAnglesHint.y
      value: 0
      objectReference: {fileID: 0}
    - target: {fileID: 7533553140869868352, guid: 7d78b9411a84a6d479aa49cd76320a12,
        type: 3}
      propertyPath: m_LocalEulerAnglesHint.z
      value: 0
      objectReference: {fileID: 0}
    - target: {fileID: 7533553140869868355, guid: 7d78b9411a84a6d479aa49cd76320a12,
        type: 3}
      propertyPath: m_Name
      value: FireMissile
      objectReference: {fileID: 0}
    m_RemovedComponents: []
  m_SourcePrefab: {fileID: 100100000, guid: 7d78b9411a84a6d479aa49cd76320a12, type: 3}
--- !u!4 &1756343332373434260 stripped
Transform:
  m_CorrespondingSourceObject: {fileID: 7533553140869868352, guid: 7d78b9411a84a6d479aa49cd76320a12,
    type: 3}
  m_PrefabInstance: {fileID: 1756343332373434259}
  m_PrefabAsset: {fileID: 0}
--- !u!1001 &1888705055726520563
PrefabInstance:
  m_ObjectHideFlags: 0
  serializedVersion: 2
  m_Modification:
    m_TransformParent: {fileID: 2024437084}
    m_Modifications:
    - target: {fileID: 1517490943561154688, guid: 4a42ca4f1aec6294ebbe94c64de21dd4,
        type: 3}
      propertyPath: m_Name
      value: Foam
      objectReference: {fileID: 0}
    - target: {fileID: 1517490943561154813, guid: 4a42ca4f1aec6294ebbe94c64de21dd4,
        type: 3}
      propertyPath: m_LocalPosition.x
      value: -7.027932
      objectReference: {fileID: 0}
    - target: {fileID: 1517490943561154813, guid: 4a42ca4f1aec6294ebbe94c64de21dd4,
        type: 3}
      propertyPath: m_LocalPosition.y
      value: 7.26
      objectReference: {fileID: 0}
    - target: {fileID: 1517490943561154813, guid: 4a42ca4f1aec6294ebbe94c64de21dd4,
        type: 3}
      propertyPath: m_LocalPosition.z
      value: -20.94
      objectReference: {fileID: 0}
    - target: {fileID: 1517490943561154813, guid: 4a42ca4f1aec6294ebbe94c64de21dd4,
        type: 3}
      propertyPath: m_LocalRotation.x
      value: -0
      objectReference: {fileID: 0}
    - target: {fileID: 1517490943561154813, guid: 4a42ca4f1aec6294ebbe94c64de21dd4,
        type: 3}
      propertyPath: m_LocalRotation.y
      value: 0.7341315
      objectReference: {fileID: 0}
    - target: {fileID: 1517490943561154813, guid: 4a42ca4f1aec6294ebbe94c64de21dd4,
        type: 3}
      propertyPath: m_LocalRotation.z
      value: -0
      objectReference: {fileID: 0}
    - target: {fileID: 1517490943561154813, guid: 4a42ca4f1aec6294ebbe94c64de21dd4,
        type: 3}
      propertyPath: m_LocalRotation.w
      value: 0.67900735
      objectReference: {fileID: 0}
    - target: {fileID: 1517490943561154813, guid: 4a42ca4f1aec6294ebbe94c64de21dd4,
        type: 3}
      propertyPath: m_RootOrder
      value: 5
      objectReference: {fileID: 0}
    - target: {fileID: 1517490943561154813, guid: 4a42ca4f1aec6294ebbe94c64de21dd4,
        type: 3}
      propertyPath: m_LocalEulerAnglesHint.x
      value: 0
      objectReference: {fileID: 0}
    - target: {fileID: 1517490943561154813, guid: 4a42ca4f1aec6294ebbe94c64de21dd4,
        type: 3}
      propertyPath: m_LocalEulerAnglesHint.y
      value: 94.468
      objectReference: {fileID: 0}
    - target: {fileID: 1517490943561154813, guid: 4a42ca4f1aec6294ebbe94c64de21dd4,
        type: 3}
      propertyPath: m_LocalEulerAnglesHint.z
      value: 0
      objectReference: {fileID: 0}
    m_RemovedComponents: []
  m_SourcePrefab: {fileID: 100100000, guid: 4a42ca4f1aec6294ebbe94c64de21dd4, type: 3}
--- !u!1001 &2700345245794717898
PrefabInstance:
  m_ObjectHideFlags: 0
  serializedVersion: 2
  m_Modification:
    m_TransformParent: {fileID: 2024437084}
    m_Modifications:
    - target: {fileID: 2922894818612313106, guid: 4a6f146522a69244b90768219ce56b84,
        type: 3}
      propertyPath: m_Name
      value: WindCharge
      objectReference: {fileID: 0}
    - target: {fileID: 2922894818612313109, guid: 4a6f146522a69244b90768219ce56b84,
        type: 3}
      propertyPath: m_LocalPosition.x
      value: 23.4
      objectReference: {fileID: 0}
    - target: {fileID: 2922894818612313109, guid: 4a6f146522a69244b90768219ce56b84,
        type: 3}
      propertyPath: m_LocalPosition.y
      value: 0
      objectReference: {fileID: 0}
    - target: {fileID: 2922894818612313109, guid: 4a6f146522a69244b90768219ce56b84,
        type: 3}
      propertyPath: m_LocalPosition.z
      value: 0
      objectReference: {fileID: 0}
    - target: {fileID: 2922894818612313109, guid: 4a6f146522a69244b90768219ce56b84,
        type: 3}
      propertyPath: m_LocalRotation.x
      value: 0
      objectReference: {fileID: 0}
    - target: {fileID: 2922894818612313109, guid: 4a6f146522a69244b90768219ce56b84,
        type: 3}
      propertyPath: m_LocalRotation.y
      value: 0
      objectReference: {fileID: 0}
    - target: {fileID: 2922894818612313109, guid: 4a6f146522a69244b90768219ce56b84,
        type: 3}
      propertyPath: m_LocalRotation.z
      value: 0
      objectReference: {fileID: 0}
    - target: {fileID: 2922894818612313109, guid: 4a6f146522a69244b90768219ce56b84,
        type: 3}
      propertyPath: m_LocalRotation.w
      value: 1
      objectReference: {fileID: 0}
    - target: {fileID: 2922894818612313109, guid: 4a6f146522a69244b90768219ce56b84,
        type: 3}
      propertyPath: m_RootOrder
      value: 13
      objectReference: {fileID: 0}
    - target: {fileID: 2922894818612313109, guid: 4a6f146522a69244b90768219ce56b84,
        type: 3}
      propertyPath: m_LocalEulerAnglesHint.x
      value: 0
      objectReference: {fileID: 0}
    - target: {fileID: 2922894818612313109, guid: 4a6f146522a69244b90768219ce56b84,
        type: 3}
      propertyPath: m_LocalEulerAnglesHint.y
      value: 0
      objectReference: {fileID: 0}
    - target: {fileID: 2922894818612313109, guid: 4a6f146522a69244b90768219ce56b84,
        type: 3}
      propertyPath: m_LocalEulerAnglesHint.z
      value: 0
      objectReference: {fileID: 0}
    m_RemovedComponents: []
  m_SourcePrefab: {fileID: 100100000, guid: 4a6f146522a69244b90768219ce56b84, type: 3}
--- !u!4 &2700345245794717899 stripped
Transform:
  m_CorrespondingSourceObject: {fileID: 2922894818612313109, guid: 4a6f146522a69244b90768219ce56b84,
    type: 3}
  m_PrefabInstance: {fileID: 2700345245794717898}
  m_PrefabAsset: {fileID: 0}
--- !u!1001 &2830111036653706940
PrefabInstance:
  m_ObjectHideFlags: 0
  serializedVersion: 2
  m_Modification:
    m_TransformParent: {fileID: 2024437084}
    m_Modifications:
    - target: {fileID: 8073923815909631674, guid: c1f937fa8af494c4a80dcd13a5fe3cf2,
        type: 3}
      propertyPath: m_LocalPosition.x
      value: -7.027932
      objectReference: {fileID: 0}
    - target: {fileID: 8073923815909631674, guid: c1f937fa8af494c4a80dcd13a5fe3cf2,
        type: 3}
      propertyPath: m_LocalPosition.y
      value: 1.590992
      objectReference: {fileID: 0}
    - target: {fileID: 8073923815909631674, guid: c1f937fa8af494c4a80dcd13a5fe3cf2,
        type: 3}
      propertyPath: m_LocalPosition.z
      value: -2.187101
      objectReference: {fileID: 0}
    - target: {fileID: 8073923815909631674, guid: c1f937fa8af494c4a80dcd13a5fe3cf2,
        type: 3}
      propertyPath: m_LocalRotation.x
      value: 0.7071068
      objectReference: {fileID: 0}
    - target: {fileID: 8073923815909631674, guid: c1f937fa8af494c4a80dcd13a5fe3cf2,
        type: 3}
      propertyPath: m_LocalRotation.y
      value: -0
      objectReference: {fileID: 0}
    - target: {fileID: 8073923815909631674, guid: c1f937fa8af494c4a80dcd13a5fe3cf2,
        type: 3}
      propertyPath: m_LocalRotation.z
      value: -0
      objectReference: {fileID: 0}
    - target: {fileID: 8073923815909631674, guid: c1f937fa8af494c4a80dcd13a5fe3cf2,
        type: 3}
      propertyPath: m_LocalRotation.w
      value: 0.7071068
      objectReference: {fileID: 0}
    - target: {fileID: 8073923815909631674, guid: c1f937fa8af494c4a80dcd13a5fe3cf2,
        type: 3}
      propertyPath: m_RootOrder
      value: 4
      objectReference: {fileID: 0}
    - target: {fileID: 8073923815909631674, guid: c1f937fa8af494c4a80dcd13a5fe3cf2,
        type: 3}
      propertyPath: m_LocalEulerAnglesHint.x
      value: 90
      objectReference: {fileID: 0}
    - target: {fileID: 8073923815909631674, guid: c1f937fa8af494c4a80dcd13a5fe3cf2,
        type: 3}
      propertyPath: m_LocalEulerAnglesHint.y
      value: 0
      objectReference: {fileID: 0}
    - target: {fileID: 8073923815909631674, guid: c1f937fa8af494c4a80dcd13a5fe3cf2,
        type: 3}
      propertyPath: m_LocalEulerAnglesHint.z
      value: 0
      objectReference: {fileID: 0}
    - target: {fileID: 8073923815909631687, guid: c1f937fa8af494c4a80dcd13a5fe3cf2,
        type: 3}
      propertyPath: m_Name
      value: FireThruster
      objectReference: {fileID: 0}
    m_RemovedComponents: []
  m_SourcePrefab: {fileID: 100100000, guid: c1f937fa8af494c4a80dcd13a5fe3cf2, type: 3}
--- !u!4 &2830111036653706941 stripped
Transform:
  m_CorrespondingSourceObject: {fileID: 8073923815909631674, guid: c1f937fa8af494c4a80dcd13a5fe3cf2,
    type: 3}
  m_PrefabInstance: {fileID: 2830111036653706940}
  m_PrefabAsset: {fileID: 0}
--- !u!1001 &3310195269738225811
PrefabInstance:
  m_ObjectHideFlags: 0
  serializedVersion: 2
  m_Modification:
    m_TransformParent: {fileID: 2024437084}
    m_Modifications:
    - target: {fileID: 831675257507370970, guid: af2a4030760c9e04baa70c21c36bb999,
        type: 3}
      propertyPath: m_Name
      value: MetalSpark
      objectReference: {fileID: 0}
    - target: {fileID: 6979483042779386289, guid: af2a4030760c9e04baa70c21c36bb999,
        type: 3}
      propertyPath: m_LocalPosition.x
      value: -8.44
      objectReference: {fileID: 0}
    - target: {fileID: 6979483042779386289, guid: af2a4030760c9e04baa70c21c36bb999,
        type: 3}
      propertyPath: m_LocalPosition.y
      value: -1.06
      objectReference: {fileID: 0}
    - target: {fileID: 6979483042779386289, guid: af2a4030760c9e04baa70c21c36bb999,
        type: 3}
      propertyPath: m_LocalPosition.z
      value: -11.5
      objectReference: {fileID: 0}
    - target: {fileID: 6979483042779386289, guid: af2a4030760c9e04baa70c21c36bb999,
        type: 3}
      propertyPath: m_LocalRotation.x
      value: 0
      objectReference: {fileID: 0}
    - target: {fileID: 6979483042779386289, guid: af2a4030760c9e04baa70c21c36bb999,
        type: 3}
      propertyPath: m_LocalRotation.y
      value: 1
      objectReference: {fileID: 0}
    - target: {fileID: 6979483042779386289, guid: af2a4030760c9e04baa70c21c36bb999,
        type: 3}
      propertyPath: m_LocalRotation.z
      value: 0
      objectReference: {fileID: 0}
    - target: {fileID: 6979483042779386289, guid: af2a4030760c9e04baa70c21c36bb999,
        type: 3}
      propertyPath: m_LocalRotation.w
      value: 0
      objectReference: {fileID: 0}
    - target: {fileID: 6979483042779386289, guid: af2a4030760c9e04baa70c21c36bb999,
        type: 3}
      propertyPath: m_RootOrder
      value: 1
      objectReference: {fileID: 0}
    - target: {fileID: 6979483042779386289, guid: af2a4030760c9e04baa70c21c36bb999,
        type: 3}
      propertyPath: m_LocalEulerAnglesHint.x
      value: 0
      objectReference: {fileID: 0}
    - target: {fileID: 6979483042779386289, guid: af2a4030760c9e04baa70c21c36bb999,
        type: 3}
      propertyPath: m_LocalEulerAnglesHint.y
      value: 180
      objectReference: {fileID: 0}
    - target: {fileID: 6979483042779386289, guid: af2a4030760c9e04baa70c21c36bb999,
        type: 3}
      propertyPath: m_LocalEulerAnglesHint.z
      value: 0
      objectReference: {fileID: 0}
    m_RemovedComponents: []
  m_SourcePrefab: {fileID: 100100000, guid: af2a4030760c9e04baa70c21c36bb999, type: 3}
--- !u!4 &3310195269738225812 stripped
Transform:
  m_CorrespondingSourceObject: {fileID: 6979483042779386289, guid: af2a4030760c9e04baa70c21c36bb999,
    type: 3}
  m_PrefabInstance: {fileID: 3310195269738225811}
  m_PrefabAsset: {fileID: 0}
--- !u!1001 &4042575630464042714
PrefabInstance:
  m_ObjectHideFlags: 0
  serializedVersion: 2
  m_Modification:
    m_TransformParent: {fileID: 2024437084}
    m_Modifications:
    - target: {fileID: 4042575631177731792, guid: 39058c22428be114aa1fda74825b4ecc,
        type: 3}
      propertyPath: m_Name
      value: BubbleExplosion
      objectReference: {fileID: 0}
    - target: {fileID: 4042575631177731799, guid: 39058c22428be114aa1fda74825b4ecc,
        type: 3}
      propertyPath: m_LocalPosition.x
      value: 17.4
      objectReference: {fileID: 0}
    - target: {fileID: 4042575631177731799, guid: 39058c22428be114aa1fda74825b4ecc,
        type: 3}
      propertyPath: m_LocalPosition.y
      value: 3.5631905
      objectReference: {fileID: 0}
    - target: {fileID: 4042575631177731799, guid: 39058c22428be114aa1fda74825b4ecc,
        type: 3}
      propertyPath: m_LocalPosition.z
      value: 1.9028991
      objectReference: {fileID: 0}
    - target: {fileID: 4042575631177731799, guid: 39058c22428be114aa1fda74825b4ecc,
        type: 3}
      propertyPath: m_LocalRotation.x
      value: -0.7071068
      objectReference: {fileID: 0}
    - target: {fileID: 4042575631177731799, guid: 39058c22428be114aa1fda74825b4ecc,
        type: 3}
      propertyPath: m_LocalRotation.y
      value: -0
      objectReference: {fileID: 0}
    - target: {fileID: 4042575631177731799, guid: 39058c22428be114aa1fda74825b4ecc,
        type: 3}
      propertyPath: m_LocalRotation.z
      value: -0
      objectReference: {fileID: 0}
    - target: {fileID: 4042575631177731799, guid: 39058c22428be114aa1fda74825b4ecc,
        type: 3}
      propertyPath: m_LocalRotation.w
      value: 0.7071068
      objectReference: {fileID: 0}
    - target: {fileID: 4042575631177731799, guid: 39058c22428be114aa1fda74825b4ecc,
        type: 3}
      propertyPath: m_RootOrder
      value: 15
      objectReference: {fileID: 0}
    - target: {fileID: 4042575631177731799, guid: 39058c22428be114aa1fda74825b4ecc,
        type: 3}
      propertyPath: m_LocalEulerAnglesHint.x
      value: -90
      objectReference: {fileID: 0}
    - target: {fileID: 4042575631177731799, guid: 39058c22428be114aa1fda74825b4ecc,
        type: 3}
      propertyPath: m_LocalEulerAnglesHint.y
      value: 0
      objectReference: {fileID: 0}
    - target: {fileID: 4042575631177731799, guid: 39058c22428be114aa1fda74825b4ecc,
        type: 3}
      propertyPath: m_LocalEulerAnglesHint.z
      value: 0
      objectReference: {fileID: 0}
    m_RemovedComponents: []
  m_SourcePrefab: {fileID: 100100000, guid: 39058c22428be114aa1fda74825b4ecc, type: 3}
--- !u!1001 &4260899240827949479
PrefabInstance:
  m_ObjectHideFlags: 0
  serializedVersion: 2
  m_Modification:
    m_TransformParent: {fileID: 2024437084}
    m_Modifications:
    - target: {fileID: 4260899240641424304, guid: e96d397f0ef14b64280d6436c93bd69d,
        type: 3}
      propertyPath: m_Name
      value: Explosion
      objectReference: {fileID: 0}
    - target: {fileID: 4260899240641424317, guid: e96d397f0ef14b64280d6436c93bd69d,
        type: 3}
      propertyPath: m_LocalPosition.x
      value: -13.727932
      objectReference: {fileID: 0}
    - target: {fileID: 4260899240641424317, guid: e96d397f0ef14b64280d6436c93bd69d,
        type: 3}
      propertyPath: m_LocalPosition.y
      value: 1.373188
      objectReference: {fileID: 0}
    - target: {fileID: 4260899240641424317, guid: e96d397f0ef14b64280d6436c93bd69d,
        type: 3}
      propertyPath: m_LocalPosition.z
      value: 20.162899
      objectReference: {fileID: 0}
    - target: {fileID: 4260899240641424317, guid: e96d397f0ef14b64280d6436c93bd69d,
        type: 3}
      propertyPath: m_LocalRotation.x
      value: -0.7071068
      objectReference: {fileID: 0}
    - target: {fileID: 4260899240641424317, guid: e96d397f0ef14b64280d6436c93bd69d,
        type: 3}
      propertyPath: m_LocalRotation.y
      value: -0
      objectReference: {fileID: 0}
    - target: {fileID: 4260899240641424317, guid: e96d397f0ef14b64280d6436c93bd69d,
        type: 3}
      propertyPath: m_LocalRotation.z
      value: -0
      objectReference: {fileID: 0}
    - target: {fileID: 4260899240641424317, guid: e96d397f0ef14b64280d6436c93bd69d,
        type: 3}
      propertyPath: m_LocalRotation.w
      value: 0.7071068
      objectReference: {fileID: 0}
    - target: {fileID: 4260899240641424317, guid: e96d397f0ef14b64280d6436c93bd69d,
        type: 3}
      propertyPath: m_RootOrder
      value: 10
      objectReference: {fileID: 0}
    - target: {fileID: 4260899240641424317, guid: e96d397f0ef14b64280d6436c93bd69d,
        type: 3}
      propertyPath: m_LocalEulerAnglesHint.x
      value: 0
      objectReference: {fileID: 0}
    - target: {fileID: 4260899240641424317, guid: e96d397f0ef14b64280d6436c93bd69d,
        type: 3}
      propertyPath: m_LocalEulerAnglesHint.y
      value: 0
      objectReference: {fileID: 0}
    - target: {fileID: 4260899240641424317, guid: e96d397f0ef14b64280d6436c93bd69d,
        type: 3}
      propertyPath: m_LocalEulerAnglesHint.z
      value: 0
      objectReference: {fileID: 0}
    m_RemovedComponents: []
  m_SourcePrefab: {fileID: 100100000, guid: e96d397f0ef14b64280d6436c93bd69d, type: 3}
--- !u!1001 &5279488937007041020
PrefabInstance:
  m_ObjectHideFlags: 0
  serializedVersion: 2
  m_Modification:
    m_TransformParent: {fileID: 0}
    m_Modifications:
    - target: {fileID: 5817917471020893638, guid: 7dbc3e906d25b5348968062e01c5f904,
        type: 3}
      propertyPath: m_Name
      value: DarkLineTrail
      objectReference: {fileID: 0}
    - target: {fileID: 8837565294537119969, guid: 7dbc3e906d25b5348968062e01c5f904,
        type: 3}
      propertyPath: m_LocalPosition.x
      value: 19.74
      objectReference: {fileID: 0}
    - target: {fileID: 8837565294537119969, guid: 7dbc3e906d25b5348968062e01c5f904,
        type: 3}
      propertyPath: m_LocalPosition.y
      value: 70.35
      objectReference: {fileID: 0}
    - target: {fileID: 8837565294537119969, guid: 7dbc3e906d25b5348968062e01c5f904,
        type: 3}
      propertyPath: m_LocalPosition.z
      value: 21.73
      objectReference: {fileID: 0}
    - target: {fileID: 8837565294537119969, guid: 7dbc3e906d25b5348968062e01c5f904,
        type: 3}
      propertyPath: m_LocalRotation.x
      value: 0
      objectReference: {fileID: 0}
    - target: {fileID: 8837565294537119969, guid: 7dbc3e906d25b5348968062e01c5f904,
        type: 3}
      propertyPath: m_LocalRotation.y
      value: 0
      objectReference: {fileID: 0}
    - target: {fileID: 8837565294537119969, guid: 7dbc3e906d25b5348968062e01c5f904,
        type: 3}
      propertyPath: m_LocalRotation.z
      value: 0
      objectReference: {fileID: 0}
    - target: {fileID: 8837565294537119969, guid: 7dbc3e906d25b5348968062e01c5f904,
        type: 3}
      propertyPath: m_LocalRotation.w
      value: 1
      objectReference: {fileID: 0}
    - target: {fileID: 8837565294537119969, guid: 7dbc3e906d25b5348968062e01c5f904,
        type: 3}
      propertyPath: m_RootOrder
      value: 5
      objectReference: {fileID: 0}
    - target: {fileID: 8837565294537119969, guid: 7dbc3e906d25b5348968062e01c5f904,
        type: 3}
      propertyPath: m_LocalEulerAnglesHint.x
      value: 0
      objectReference: {fileID: 0}
    - target: {fileID: 8837565294537119969, guid: 7dbc3e906d25b5348968062e01c5f904,
        type: 3}
      propertyPath: m_LocalEulerAnglesHint.y
      value: 0
      objectReference: {fileID: 0}
    - target: {fileID: 8837565294537119969, guid: 7dbc3e906d25b5348968062e01c5f904,
        type: 3}
      propertyPath: m_LocalEulerAnglesHint.z
      value: 0
      objectReference: {fileID: 0}
    m_RemovedComponents: []
  m_SourcePrefab: {fileID: 100100000, guid: 7dbc3e906d25b5348968062e01c5f904, type: 3}
--- !u!1001 &6362390437909456146
PrefabInstance:
  m_ObjectHideFlags: 0
  serializedVersion: 2
  m_Modification:
    m_TransformParent: {fileID: 2024437084}
    m_Modifications:
    - target: {fileID: 1664755063312802589, guid: 4440cae2aa7982f4385d264e8ac0d42f,
        type: 3}
      propertyPath: m_LocalPosition.x
      value: -6.826932
      objectReference: {fileID: 0}
    - target: {fileID: 1664755063312802589, guid: 4440cae2aa7982f4385d264e8ac0d42f,
        type: 3}
      propertyPath: m_LocalPosition.y
      value: -3.1468086
      objectReference: {fileID: 0}
    - target: {fileID: 1664755063312802589, guid: 4440cae2aa7982f4385d264e8ac0d42f,
        type: 3}
      propertyPath: m_LocalPosition.z
      value: 1.0128992
      objectReference: {fileID: 0}
    - target: {fileID: 1664755063312802589, guid: 4440cae2aa7982f4385d264e8ac0d42f,
        type: 3}
      propertyPath: m_LocalRotation.x
      value: -0.7071068
      objectReference: {fileID: 0}
    - target: {fileID: 1664755063312802589, guid: 4440cae2aa7982f4385d264e8ac0d42f,
        type: 3}
      propertyPath: m_LocalRotation.y
      value: -0
      objectReference: {fileID: 0}
    - target: {fileID: 1664755063312802589, guid: 4440cae2aa7982f4385d264e8ac0d42f,
        type: 3}
      propertyPath: m_LocalRotation.z
      value: -0
      objectReference: {fileID: 0}
    - target: {fileID: 1664755063312802589, guid: 4440cae2aa7982f4385d264e8ac0d42f,
        type: 3}
      propertyPath: m_LocalRotation.w
      value: 0.7071068
      objectReference: {fileID: 0}
    - target: {fileID: 1664755063312802589, guid: 4440cae2aa7982f4385d264e8ac0d42f,
        type: 3}
      propertyPath: m_RootOrder
      value: 3
      objectReference: {fileID: 0}
    - target: {fileID: 1664755063312802589, guid: 4440cae2aa7982f4385d264e8ac0d42f,
        type: 3}
      propertyPath: m_LocalEulerAnglesHint.x
      value: -90
      objectReference: {fileID: 0}
    - target: {fileID: 1664755063312802589, guid: 4440cae2aa7982f4385d264e8ac0d42f,
        type: 3}
      propertyPath: m_LocalEulerAnglesHint.y
      value: 0
      objectReference: {fileID: 0}
    - target: {fileID: 1664755063312802589, guid: 4440cae2aa7982f4385d264e8ac0d42f,
        type: 3}
      propertyPath: m_LocalEulerAnglesHint.z
      value: 0
      objectReference: {fileID: 0}
    - target: {fileID: 5708740964339778248, guid: 4440cae2aa7982f4385d264e8ac0d42f,
        type: 3}
      propertyPath: m_Name
      value: Footstep
      objectReference: {fileID: 0}
    m_RemovedComponents: []
  m_SourcePrefab: {fileID: 100100000, guid: 4440cae2aa7982f4385d264e8ac0d42f, type: 3}
--- !u!4 &6362390437909456147 stripped
Transform:
  m_CorrespondingSourceObject: {fileID: 1664755063312802589, guid: 4440cae2aa7982f4385d264e8ac0d42f,
    type: 3}
  m_PrefabInstance: {fileID: 6362390437909456146}
  m_PrefabAsset: {fileID: 0}
--- !u!1001 &8302194218954067064
PrefabInstance:
  m_ObjectHideFlags: 0
  serializedVersion: 2
  m_Modification:
    m_TransformParent: {fileID: 2024437084}
    m_Modifications:
    - target: {fileID: 328954964822151398, guid: a358a5458ec303f4fb9c07e4ed8b0087,
        type: 3}
      propertyPath: m_LocalPosition.x
      value: 31.79
      objectReference: {fileID: 0}
    - target: {fileID: 328954964822151398, guid: a358a5458ec303f4fb9c07e4ed8b0087,
        type: 3}
      propertyPath: m_LocalPosition.y
      value: 0.65
      objectReference: {fileID: 0}
    - target: {fileID: 328954964822151398, guid: a358a5458ec303f4fb9c07e4ed8b0087,
        type: 3}
      propertyPath: m_LocalPosition.z
      value: 2.64
      objectReference: {fileID: 0}
    - target: {fileID: 328954964822151398, guid: a358a5458ec303f4fb9c07e4ed8b0087,
        type: 3}
      propertyPath: m_LocalRotation.x
      value: -0.7071068
      objectReference: {fileID: 0}
    - target: {fileID: 328954964822151398, guid: a358a5458ec303f4fb9c07e4ed8b0087,
        type: 3}
      propertyPath: m_LocalRotation.y
      value: -0
      objectReference: {fileID: 0}
    - target: {fileID: 328954964822151398, guid: a358a5458ec303f4fb9c07e4ed8b0087,
        type: 3}
      propertyPath: m_LocalRotation.z
      value: -0
      objectReference: {fileID: 0}
    - target: {fileID: 328954964822151398, guid: a358a5458ec303f4fb9c07e4ed8b0087,
        type: 3}
      propertyPath: m_LocalRotation.w
      value: 0.7071068
      objectReference: {fileID: 0}
    - target: {fileID: 328954964822151398, guid: a358a5458ec303f4fb9c07e4ed8b0087,
        type: 3}
      propertyPath: m_RootOrder
      value: 2
      objectReference: {fileID: 0}
    - target: {fileID: 328954964822151398, guid: a358a5458ec303f4fb9c07e4ed8b0087,
        type: 3}
      propertyPath: m_LocalEulerAnglesHint.x
      value: -90
      objectReference: {fileID: 0}
    - target: {fileID: 328954964822151398, guid: a358a5458ec303f4fb9c07e4ed8b0087,
        type: 3}
      propertyPath: m_LocalEulerAnglesHint.y
      value: 0
      objectReference: {fileID: 0}
    - target: {fileID: 328954964822151398, guid: a358a5458ec303f4fb9c07e4ed8b0087,
        type: 3}
      propertyPath: m_LocalEulerAnglesHint.z
      value: 0
      objectReference: {fileID: 0}
    - target: {fileID: 7423677621940012794, guid: a358a5458ec303f4fb9c07e4ed8b0087,
        type: 3}
      propertyPath: m_Name
      value: CleanSpark
      objectReference: {fileID: 0}
    - target: {fileID: 7464795794627044774, guid: a358a5458ec303f4fb9c07e4ed8b0087,
        type: 3}
      propertyPath: InitialModule.startSpeed.scalar
      value: 2
      objectReference: {fileID: 0}
    - target: {fileID: 7464795794627044774, guid: a358a5458ec303f4fb9c07e4ed8b0087,
        type: 3}
      propertyPath: ColorModule.enabled
      value: 1
      objectReference: {fileID: 0}
    - target: {fileID: 7464795794627044774, guid: a358a5458ec303f4fb9c07e4ed8b0087,
        type: 3}
      propertyPath: InitialModule.startColor.minMaxState
      value: 0
      objectReference: {fileID: 0}
    - target: {fileID: 7464795794627044774, guid: a358a5458ec303f4fb9c07e4ed8b0087,
        type: 3}
      propertyPath: InitialModule.startColor.maxColor.r
      value: 1
      objectReference: {fileID: 0}
    - target: {fileID: 7464795794627044774, guid: a358a5458ec303f4fb9c07e4ed8b0087,
        type: 3}
      propertyPath: InitialModule.startColor.maxColor.g
      value: 1
      objectReference: {fileID: 0}
    - target: {fileID: 7464795794627044774, guid: a358a5458ec303f4fb9c07e4ed8b0087,
        type: 3}
      propertyPath: InitialModule.startColor.maxColor.b
      value: 1
      objectReference: {fileID: 0}
    - target: {fileID: 7464795794627044774, guid: a358a5458ec303f4fb9c07e4ed8b0087,
        type: 3}
      propertyPath: InitialModule.startColor.minColor.r
      value: 0
      objectReference: {fileID: 0}
    - target: {fileID: 7464795794627044774, guid: a358a5458ec303f4fb9c07e4ed8b0087,
        type: 3}
      propertyPath: InitialModule.startColor.minColor.g
      value: 0.82075214
      objectReference: {fileID: 0}
    - target: {fileID: 7464795794627044774, guid: a358a5458ec303f4fb9c07e4ed8b0087,
        type: 3}
      propertyPath: InitialModule.startColor.minColor.b
      value: 1
      objectReference: {fileID: 0}
    - target: {fileID: 7464795794627044774, guid: a358a5458ec303f4fb9c07e4ed8b0087,
        type: 3}
      propertyPath: EmissionModule.rateOverTime.scalar
      value: 5
      objectReference: {fileID: 0}
    - target: {fileID: 7464795794627044774, guid: a358a5458ec303f4fb9c07e4ed8b0087,
        type: 3}
      propertyPath: InitialModule.startRotation.scalar
      value: 0
      objectReference: {fileID: 0}
    - target: {fileID: 7464795794627044774, guid: a358a5458ec303f4fb9c07e4ed8b0087,
        type: 3}
      propertyPath: InitialModule.startRotation.minMaxState
      value: 0
      objectReference: {fileID: 0}
    - target: {fileID: 7464795794627044774, guid: a358a5458ec303f4fb9c07e4ed8b0087,
        type: 3}
      propertyPath: InitialModule.startRotationX.minMaxState
      value: 0
      objectReference: {fileID: 0}
    - target: {fileID: 7464795794627044774, guid: a358a5458ec303f4fb9c07e4ed8b0087,
        type: 3}
      propertyPath: InitialModule.startRotationY.minMaxState
      value: 0
      objectReference: {fileID: 0}
    - target: {fileID: 7464795794627044774, guid: a358a5458ec303f4fb9c07e4ed8b0087,
        type: 3}
      propertyPath: InitialModule.startRotation.minScalar
      value: 1.7453293
      objectReference: {fileID: 0}
    - target: {fileID: 7464795794627044774, guid: a358a5458ec303f4fb9c07e4ed8b0087,
        type: 3}
      propertyPath: InitialModule.rotation3D
      value: 0
      objectReference: {fileID: 0}
    - target: {fileID: 7464795794627044774, guid: a358a5458ec303f4fb9c07e4ed8b0087,
        type: 3}
      propertyPath: InitialModule.gravityModifier.scalar
      value: -0.1
      objectReference: {fileID: 0}
    - target: {fileID: 7464795794627044774, guid: a358a5458ec303f4fb9c07e4ed8b0087,
        type: 3}
      propertyPath: ShapeModule.type
      value: 0
      objectReference: {fileID: 0}
    - target: {fileID: 7464795794627044774, guid: a358a5458ec303f4fb9c07e4ed8b0087,
        type: 3}
      propertyPath: InitialModule.startLifetime.scalar
      value: 4
      objectReference: {fileID: 0}
    - target: {fileID: 7464795794627044774, guid: a358a5458ec303f4fb9c07e4ed8b0087,
        type: 3}
      propertyPath: EmissionModule.m_Bursts.Array.data[0].countCurve.maxCurve.m_Curve.Array.data[0].inWeight
      value: 0.33333334
      objectReference: {fileID: 0}
    - target: {fileID: 7464795794627044774, guid: a358a5458ec303f4fb9c07e4ed8b0087,
        type: 3}
      propertyPath: EmissionModule.m_Bursts.Array.data[0].countCurve.maxCurve.m_Curve.Array.data[0].outWeight
      value: 0.33333334
      objectReference: {fileID: 0}
    - target: {fileID: 7464795794627044774, guid: a358a5458ec303f4fb9c07e4ed8b0087,
        type: 3}
      propertyPath: EmissionModule.m_Bursts.Array.data[0].countCurve.maxCurve.m_Curve.Array.data[1].inWeight
      value: 0.33333334
      objectReference: {fileID: 0}
    - target: {fileID: 7464795794627044774, guid: a358a5458ec303f4fb9c07e4ed8b0087,
        type: 3}
      propertyPath: EmissionModule.m_Bursts.Array.data[0].countCurve.maxCurve.m_Curve.Array.data[1].outWeight
      value: 0.33333334
      objectReference: {fileID: 0}
    - target: {fileID: 7464795794627044774, guid: a358a5458ec303f4fb9c07e4ed8b0087,
        type: 3}
      propertyPath: EmissionModule.m_Bursts.Array.data[0].countCurve.minCurve.m_Curve.Array.data[0].inWeight
      value: 0.33333334
      objectReference: {fileID: 0}
    - target: {fileID: 7464795794627044774, guid: a358a5458ec303f4fb9c07e4ed8b0087,
        type: 3}
      propertyPath: EmissionModule.m_Bursts.Array.data[0].countCurve.minCurve.m_Curve.Array.data[0].outWeight
      value: 0.33333334
      objectReference: {fileID: 0}
    - target: {fileID: 7464795794627044774, guid: a358a5458ec303f4fb9c07e4ed8b0087,
        type: 3}
      propertyPath: EmissionModule.m_Bursts.Array.data[0].countCurve.minCurve.m_Curve.Array.data[1].inWeight
      value: 0.33333334
      objectReference: {fileID: 0}
    - target: {fileID: 7464795794627044774, guid: a358a5458ec303f4fb9c07e4ed8b0087,
        type: 3}
      propertyPath: EmissionModule.m_Bursts.Array.data[0].countCurve.minCurve.m_Curve.Array.data[1].outWeight
      value: 0.33333334
      objectReference: {fileID: 0}
    - target: {fileID: 7464795794627044774, guid: a358a5458ec303f4fb9c07e4ed8b0087,
        type: 3}
      propertyPath: ShapeModule.radiusThickness
      value: 1.0000
      objectReference: {fileID: 0}
    m_RemovedComponents: []
  m_SourcePrefab: {fileID: 100100000, guid: a358a5458ec303f4fb9c07e4ed8b0087, type: 3}
--- !u!4 &8302194218954067065 stripped
Transform:
  m_CorrespondingSourceObject: {fileID: 328954964822151398, guid: a358a5458ec303f4fb9c07e4ed8b0087,
    type: 3}
  m_PrefabInstance: {fileID: 8302194218954067064}
  m_PrefabAsset: {fileID: 0}
--- !u!1001 &9160848773676723618
PrefabInstance:
  m_ObjectHideFlags: 0
  serializedVersion: 2
  m_Modification:
    m_TransformParent: {fileID: 2024437084}
    m_Modifications:
    - target: {fileID: 8668428440848166827, guid: 22a1623daf4fc9848b0dc4c2cc0a0cff,
        type: 3}
      propertyPath: m_LocalPosition.x
      value: -20.687933
      objectReference: {fileID: 0}
    - target: {fileID: 8668428440848166827, guid: 22a1623daf4fc9848b0dc4c2cc0a0cff,
        type: 3}
      propertyPath: m_LocalPosition.y
      value: 1.373188
      objectReference: {fileID: 0}
    - target: {fileID: 8668428440848166827, guid: 22a1623daf4fc9848b0dc4c2cc0a0cff,
        type: 3}
      propertyPath: m_LocalPosition.z
      value: 33.1629
      objectReference: {fileID: 0}
    - target: {fileID: 8668428440848166827, guid: 22a1623daf4fc9848b0dc4c2cc0a0cff,
        type: 3}
      propertyPath: m_LocalRotation.x
      value: -0.7071068
      objectReference: {fileID: 0}
    - target: {fileID: 8668428440848166827, guid: 22a1623daf4fc9848b0dc4c2cc0a0cff,
        type: 3}
      propertyPath: m_LocalRotation.y
      value: -0
      objectReference: {fileID: 0}
    - target: {fileID: 8668428440848166827, guid: 22a1623daf4fc9848b0dc4c2cc0a0cff,
        type: 3}
      propertyPath: m_LocalRotation.z
      value: -0
      objectReference: {fileID: 0}
    - target: {fileID: 8668428440848166827, guid: 22a1623daf4fc9848b0dc4c2cc0a0cff,
        type: 3}
      propertyPath: m_LocalRotation.w
      value: 0.7071068
      objectReference: {fileID: 0}
    - target: {fileID: 8668428440848166827, guid: 22a1623daf4fc9848b0dc4c2cc0a0cff,
        type: 3}
      propertyPath: m_RootOrder
      value: 8
      objectReference: {fileID: 0}
    - target: {fileID: 8668428440848166827, guid: 22a1623daf4fc9848b0dc4c2cc0a0cff,
        type: 3}
      propertyPath: m_LocalEulerAnglesHint.x
      value: -90
      objectReference: {fileID: 0}
    - target: {fileID: 8668428440848166827, guid: 22a1623daf4fc9848b0dc4c2cc0a0cff,
        type: 3}
      propertyPath: m_LocalEulerAnglesHint.y
      value: 0
      objectReference: {fileID: 0}
    - target: {fileID: 8668428440848166827, guid: 22a1623daf4fc9848b0dc4c2cc0a0cff,
        type: 3}
      propertyPath: m_LocalEulerAnglesHint.z
      value: 0
      objectReference: {fileID: 0}
    - target: {fileID: 9144751474256086547, guid: 22a1623daf4fc9848b0dc4c2cc0a0cff,
        type: 3}
      propertyPath: m_Name
      value: Smoke
      objectReference: {fileID: 0}
    m_RemovedComponents: []
  m_SourcePrefab: {fileID: 100100000, guid: 22a1623daf4fc9848b0dc4c2cc0a0cff, type: 3}
--- !u!4 &9160848773676723619 stripped
Transform:
  m_CorrespondingSourceObject: {fileID: 8668428440848166827, guid: 22a1623daf4fc9848b0dc4c2cc0a0cff,
    type: 3}
  m_PrefabInstance: {fileID: 9160848773676723618}
  m_PrefabAsset: {fileID: 0}
