%YAML 1.1
%TAG !u! tag:unity3d.com,2011:
--- !u!29 &1
OcclusionCullingSettings:
  m_ObjectHideFlags: 0
  serializedVersion: 2
  m_OcclusionBakeSettings:
    smallestOccluder: 5
    smallestHole: 0.25
    backfaceThreshold: 100
  m_SceneGUID: 00000000000000000000000000000000
  m_OcclusionCullingData: {fileID: 0}
--- !u!104 &2
RenderSettings:
  m_ObjectHideFlags: 0
  serializedVersion: 9
  m_Fog: 0
  m_FogColor: {r: 0.5, g: 0.5, b: 0.5, a: 1}
  m_FogMode: 3
  m_FogDensity: 0.01
  m_LinearFogStart: 0
  m_LinearFogEnd: 300
  m_AmbientSkyColor: {r: 0.212, g: 0.227, b: 0.259, a: 1}
  m_AmbientEquatorColor: {r: 0.114, g: 0.125, b: 0.133, a: 1}
  m_AmbientGroundColor: {r: 0.047, g: 0.043, b: 0.035, a: 1}
  m_AmbientIntensity: 1
  m_AmbientMode: 0
  m_SubtractiveShadowColor: {r: 0.42, g: 0.478, b: 0.627, a: 1}
  m_SkyboxMaterial: {fileID: 10304, guid: 0000000000000000f000000000000000, type: 0}
  m_HaloStrength: 0.5
  m_FlareStrength: 1
  m_FlareFadeSpeed: 3
  m_HaloTexture: {fileID: 0}
  m_SpotCookie: {fileID: 10001, guid: 0000000000000000e000000000000000, type: 0}
  m_DefaultReflectionMode: 0
  m_DefaultReflectionResolution: 128
  m_ReflectionBounces: 1
  m_ReflectionIntensity: 1
  m_CustomReflection: {fileID: 0}
  m_Sun: {fileID: 0}
  m_IndirectSpecularColor: {r: 0, g: 0, b: 0, a: 1}
  m_UseRadianceAmbientProbe: 0
--- !u!157 &3
LightmapSettings:
  m_ObjectHideFlags: 0
  serializedVersion: 11
  m_GIWorkflowMode: 1
  m_GISettings:
    serializedVersion: 2
    m_BounceScale: 1
    m_IndirectOutputScale: 1
    m_AlbedoBoost: 1
    m_EnvironmentLightingMode: 0
    m_EnableBakedLightmaps: 1
    m_EnableRealtimeLightmaps: 1
  m_LightmapEditorSettings:
    serializedVersion: 12
    m_Resolution: 2
    m_BakeResolution: 40
    m_AtlasSize: 1024
    m_AO: 0
    m_AOMaxDistance: 1
    m_CompAOExponent: 1
    m_CompAOExponentDirect: 0
    m_ExtractAmbientOcclusion: 0
    m_Padding: 2
    m_LightmapParameters: {fileID: 0}
    m_LightmapsBakeMode: 1
    m_TextureCompression: 1
    m_FinalGather: 0
    m_FinalGatherFiltering: 1
    m_FinalGatherRayCount: 256
    m_ReflectionCompression: 2
    m_MixedBakeMode: 2
    m_BakeBackend: 1
    m_PVRSampling: 1
    m_PVRDirectSampleCount: 32
    m_PVRSampleCount: 512
    m_PVRBounces: 2
    m_PVREnvironmentSampleCount: 256
    m_PVREnvironmentReferencePointCount: 2048
    m_PVRFilteringMode: 1
    m_PVRDenoiserTypeDirect: 1
    m_PVRDenoiserTypeIndirect: 1
    m_PVRDenoiserTypeAO: 1
    m_PVRFilterTypeDirect: 0
    m_PVRFilterTypeIndirect: 0
    m_PVRFilterTypeAO: 0
    m_PVREnvironmentMIS: 1
    m_PVRCulling: 1
    m_PVRFilteringGaussRadiusDirect: 1
    m_PVRFilteringGaussRadiusIndirect: 5
    m_PVRFilteringGaussRadiusAO: 2
    m_PVRFilteringAtrousPositionSigmaDirect: 0.5
    m_PVRFilteringAtrousPositionSigmaIndirect: 2
    m_PVRFilteringAtrousPositionSigmaAO: 1
    m_ExportTrainingData: 0
    m_TrainingDataDestination: TrainingData
  m_LightingDataAsset: {fileID: 0}
  m_UseShadowmask: 1
--- !u!196 &4
NavMeshSettings:
  serializedVersion: 2
  m_ObjectHideFlags: 0
  m_BuildSettings:
    serializedVersion: 2
    agentTypeID: 0
    agentRadius: 0.5
    agentHeight: 2
    agentSlope: 45
    agentClimb: 0.4
    ledgeDropHeight: 0
    maxJumpAcrossDistance: 0
    minRegionArea: 2
    manualCellSize: 0
    cellSize: 0.16666667
    manualTileSize: 0
    tileSize: 256
    accuratePlacement: 0
    debug:
      m_Flags: 0
  m_NavMeshData: {fileID: 23800000, guid: 8245195660e69fd4aaf83a0744bdef26, type: 2}
--- !u!1001 &3263644
PrefabInstance:
  m_ObjectHideFlags: 0
  serializedVersion: 2
  m_Modification:
    m_TransformParent: {fileID: 0}
    m_Modifications:
    - target: {fileID: 4548216139310599714, guid: 4b34aaa16c196c249ac7ef2416dcea61,
        type: 3}
      propertyPath: m_LocalPosition.x
      value: -80.10933
      objectReference: {fileID: 0}
    - target: {fileID: 4548216139310599714, guid: 4b34aaa16c196c249ac7ef2416dcea61,
        type: 3}
      propertyPath: m_LocalPosition.y
      value: 0.00000047683716
      objectReference: {fileID: 0}
    - target: {fileID: 4548216139310599714, guid: 4b34aaa16c196c249ac7ef2416dcea61,
        type: 3}
      propertyPath: m_LocalPosition.z
      value: 91.41226
      objectReference: {fileID: 0}
    - target: {fileID: 4548216139310599714, guid: 4b34aaa16c196c249ac7ef2416dcea61,
        type: 3}
      propertyPath: m_LocalRotation.x
      value: 0
      objectReference: {fileID: 0}
    - target: {fileID: 4548216139310599714, guid: 4b34aaa16c196c249ac7ef2416dcea61,
        type: 3}
      propertyPath: m_LocalRotation.y
      value: 0
      objectReference: {fileID: 0}
    - target: {fileID: 4548216139310599714, guid: 4b34aaa16c196c249ac7ef2416dcea61,
        type: 3}
      propertyPath: m_LocalRotation.z
      value: 0
      objectReference: {fileID: 0}
    - target: {fileID: 4548216139310599714, guid: 4b34aaa16c196c249ac7ef2416dcea61,
        type: 3}
      propertyPath: m_LocalRotation.w
      value: 1
      objectReference: {fileID: 0}
    - target: {fileID: 4548216139310599714, guid: 4b34aaa16c196c249ac7ef2416dcea61,
        type: 3}
      propertyPath: m_RootOrder
      value: 5
      objectReference: {fileID: 0}
    - target: {fileID: 4548216139310599714, guid: 4b34aaa16c196c249ac7ef2416dcea61,
        type: 3}
      propertyPath: m_LocalEulerAnglesHint.x
      value: 0
      objectReference: {fileID: 0}
    - target: {fileID: 4548216139310599714, guid: 4b34aaa16c196c249ac7ef2416dcea61,
        type: 3}
      propertyPath: m_LocalEulerAnglesHint.y
      value: 0
      objectReference: {fileID: 0}
    - target: {fileID: 4548216139310599714, guid: 4b34aaa16c196c249ac7ef2416dcea61,
        type: 3}
      propertyPath: m_LocalEulerAnglesHint.z
      value: 0
      objectReference: {fileID: 0}
    - target: {fileID: 4548216139310599716, guid: 4b34aaa16c196c249ac7ef2416dcea61,
        type: 3}
      propertyPath: m_Name
      value: QTEEventHousing
      objectReference: {fileID: 0}
    m_RemovedComponents: []
  m_SourcePrefab: {fileID: 100100000, guid: 4b34aaa16c196c249ac7ef2416dcea61, type: 3}
--- !u!1001 &60680795
PrefabInstance:
  m_ObjectHideFlags: 0
  serializedVersion: 2
  m_Modification:
    m_TransformParent: {fileID: 0}
    m_Modifications:
    - target: {fileID: 3201602381894058359, guid: 8d66bfa1711e51d46b79c74ab6db64f0,
        type: 3}
      propertyPath: m_LocalPosition.x
      value: 34.54684
      objectReference: {fileID: 0}
    - target: {fileID: 3201602381894058359, guid: 8d66bfa1711e51d46b79c74ab6db64f0,
        type: 3}
      propertyPath: m_LocalPosition.y
      value: 6.5992193
      objectReference: {fileID: 0}
    - target: {fileID: 3201602381894058359, guid: 8d66bfa1711e51d46b79c74ab6db64f0,
        type: 3}
      propertyPath: m_LocalPosition.z
      value: 332.7679
      objectReference: {fileID: 0}
    - target: {fileID: 3201602381894058359, guid: 8d66bfa1711e51d46b79c74ab6db64f0,
        type: 3}
      propertyPath: m_LocalRotation.x
      value: 0.008802043
      objectReference: {fileID: 0}
    - target: {fileID: 3201602381894058359, guid: 8d66bfa1711e51d46b79c74ab6db64f0,
        type: 3}
      propertyPath: m_LocalRotation.y
      value: 0.008649743
      objectReference: {fileID: 0}
    - target: {fileID: 3201602381894058359, guid: 8d66bfa1711e51d46b79c74ab6db64f0,
        type: 3}
      propertyPath: m_LocalRotation.z
      value: 0.008649744
      objectReference: {fileID: 0}
    - target: {fileID: 3201602381894058359, guid: 8d66bfa1711e51d46b79c74ab6db64f0,
        type: 3}
      propertyPath: m_LocalRotation.w
      value: 0.99988645
      objectReference: {fileID: 0}
    - target: {fileID: 3201602381894058359, guid: 8d66bfa1711e51d46b79c74ab6db64f0,
        type: 3}
      propertyPath: m_RootOrder
      value: 0
      objectReference: {fileID: 0}
    - target: {fileID: 3201602381894058359, guid: 8d66bfa1711e51d46b79c74ab6db64f0,
        type: 3}
      propertyPath: m_LocalEulerAnglesHint.x
      value: 0
      objectReference: {fileID: 0}
    - target: {fileID: 3201602381894058359, guid: 8d66bfa1711e51d46b79c74ab6db64f0,
        type: 3}
      propertyPath: m_LocalEulerAnglesHint.y
      value: 0
      objectReference: {fileID: 0}
    - target: {fileID: 3201602381894058359, guid: 8d66bfa1711e51d46b79c74ab6db64f0,
        type: 3}
      propertyPath: m_LocalEulerAnglesHint.z
      value: 0
      objectReference: {fileID: 0}
    - target: {fileID: 3201602381894058359, guid: 8d66bfa1711e51d46b79c74ab6db64f0,
        type: 3}
      propertyPath: m_LocalScale.x
      value: 0.78283435
      objectReference: {fileID: 0}
    - target: {fileID: 3201602381894058359, guid: 8d66bfa1711e51d46b79c74ab6db64f0,
        type: 3}
      propertyPath: m_LocalScale.y
      value: 0.7828345
      objectReference: {fileID: 0}
    - target: {fileID: 3201602381894058359, guid: 8d66bfa1711e51d46b79c74ab6db64f0,
        type: 3}
      propertyPath: m_LocalScale.z
      value: 0.78283435
      objectReference: {fileID: 0}
    - target: {fileID: 3201602381894058362, guid: 8d66bfa1711e51d46b79c74ab6db64f0,
        type: 3}
      propertyPath: m_Name
      value: MainCameraBrain
      objectReference: {fileID: 0}
    m_RemovedComponents: []
  m_SourcePrefab: {fileID: 100100000, guid: 8d66bfa1711e51d46b79c74ab6db64f0, type: 3}
--- !u!1 &208409097
GameObject:
  m_ObjectHideFlags: 0
  m_CorrespondingSourceObject: {fileID: 0}
  m_PrefabInstance: {fileID: 0}
  m_PrefabAsset: {fileID: 0}
  serializedVersion: 6
  m_Component:
  - component: {fileID: 208409098}
  - component: {fileID: 208409101}
  - component: {fileID: 208409100}
  - component: {fileID: 208409099}
  m_Layer: 0
  m_Name: Cube (3)
  m_TagString: Untagged
  m_Icon: {fileID: 0}
  m_NavMeshLayer: 0
  m_StaticEditorFlags: 0
  m_IsActive: 1
--- !u!4 &208409098
Transform:
  m_ObjectHideFlags: 0
  m_CorrespondingSourceObject: {fileID: 0}
  m_PrefabInstance: {fileID: 0}
  m_PrefabAsset: {fileID: 0}
  m_GameObject: {fileID: 208409097}
  m_LocalRotation: {x: 0, y: 0, z: 0, w: 1}
  m_LocalPosition: {x: 14, y: 256.3, z: 218}
  m_LocalScale: {x: 14.4058, y: 40.6185, z: 461.08}
  m_Children: []
  m_Father: {fileID: 837571629}
  m_RootOrder: 3
  m_LocalEulerAnglesHint: {x: 0, y: 0, z: 0}
--- !u!65 &208409099
BoxCollider:
  m_ObjectHideFlags: 0
  m_CorrespondingSourceObject: {fileID: 0}
  m_PrefabInstance: {fileID: 0}
  m_PrefabAsset: {fileID: 0}
  m_GameObject: {fileID: 208409097}
  m_Material: {fileID: 0}
  m_IsTrigger: 0
  m_Enabled: 1
  serializedVersion: 2
  m_Size: {x: 1, y: 1, z: 1}
  m_Center: {x: 0, y: 0, z: 0}
--- !u!23 &208409100
MeshRenderer:
  m_ObjectHideFlags: 0
  m_CorrespondingSourceObject: {fileID: 0}
  m_PrefabInstance: {fileID: 0}
  m_PrefabAsset: {fileID: 0}
  m_GameObject: {fileID: 208409097}
  m_Enabled: 1
  m_CastShadows: 1
  m_ReceiveShadows: 1
  m_DynamicOccludee: 1
  m_MotionVectors: 1
  m_LightProbeUsage: 1
  m_ReflectionProbeUsage: 1
  m_RenderingLayerMask: 1
  m_RendererPriority: 0
  m_Materials:
  - {fileID: 2100000, guid: 9ac07b6c6ea895e439b0001e4dc0f916, type: 2}
  m_StaticBatchInfo:
    firstSubMesh: 0
    subMeshCount: 0
  m_StaticBatchRoot: {fileID: 0}
  m_ProbeAnchor: {fileID: 0}
  m_LightProbeVolumeOverride: {fileID: 0}
  m_ScaleInLightmap: 1
  m_ReceiveGI: 1
  m_PreserveUVs: 0
  m_IgnoreNormalsForChartDetection: 0
  m_ImportantGI: 0
  m_StitchLightmapSeams: 1
  m_SelectedEditorRenderState: 3
  m_MinimumChartSize: 4
  m_AutoUVMaxDistance: 0.5
  m_AutoUVMaxAngle: 89
  m_LightmapParameters: {fileID: 0}
  m_SortingLayerID: 0
  m_SortingLayer: 0
  m_SortingOrder: 0
--- !u!33 &208409101
MeshFilter:
  m_ObjectHideFlags: 0
  m_CorrespondingSourceObject: {fileID: 0}
  m_PrefabInstance: {fileID: 0}
  m_PrefabAsset: {fileID: 0}
  m_GameObject: {fileID: 208409097}
  m_Mesh: {fileID: 10202, guid: 0000000000000000e000000000000000, type: 0}
--- !u!1001 &233058737
PrefabInstance:
  m_ObjectHideFlags: 0
  serializedVersion: 2
  m_Modification:
    m_TransformParent: {fileID: 0}
    m_Modifications:
    - target: {fileID: 4984476536013962180, guid: 57c64c56669745847b5c9620a407660a,
        type: 3}
      propertyPath: m_Name
      value: Wwise
      objectReference: {fileID: 0}
    - target: {fileID: 4984476536013962185, guid: 57c64c56669745847b5c9620a407660a,
        type: 3}
      propertyPath: m_LocalPosition.x
      value: 0
      objectReference: {fileID: 0}
    - target: {fileID: 4984476536013962185, guid: 57c64c56669745847b5c9620a407660a,
        type: 3}
      propertyPath: m_LocalPosition.y
      value: 0
      objectReference: {fileID: 0}
    - target: {fileID: 4984476536013962185, guid: 57c64c56669745847b5c9620a407660a,
        type: 3}
      propertyPath: m_LocalPosition.z
      value: 0
      objectReference: {fileID: 0}
    - target: {fileID: 4984476536013962185, guid: 57c64c56669745847b5c9620a407660a,
        type: 3}
      propertyPath: m_LocalRotation.x
      value: 0
      objectReference: {fileID: 0}
    - target: {fileID: 4984476536013962185, guid: 57c64c56669745847b5c9620a407660a,
        type: 3}
      propertyPath: m_LocalRotation.y
      value: 0
      objectReference: {fileID: 0}
    - target: {fileID: 4984476536013962185, guid: 57c64c56669745847b5c9620a407660a,
        type: 3}
      propertyPath: m_LocalRotation.z
      value: 0
      objectReference: {fileID: 0}
    - target: {fileID: 4984476536013962185, guid: 57c64c56669745847b5c9620a407660a,
        type: 3}
      propertyPath: m_LocalRotation.w
      value: 1
      objectReference: {fileID: 0}
    - target: {fileID: 4984476536013962185, guid: 57c64c56669745847b5c9620a407660a,
        type: 3}
      propertyPath: m_RootOrder
      value: 11
      objectReference: {fileID: 0}
    - target: {fileID: 4984476536013962185, guid: 57c64c56669745847b5c9620a407660a,
        type: 3}
      propertyPath: m_LocalEulerAnglesHint.x
      value: 0
      objectReference: {fileID: 0}
    - target: {fileID: 4984476536013962185, guid: 57c64c56669745847b5c9620a407660a,
        type: 3}
      propertyPath: m_LocalEulerAnglesHint.y
      value: 0
      objectReference: {fileID: 0}
    - target: {fileID: 4984476536013962185, guid: 57c64c56669745847b5c9620a407660a,
        type: 3}
      propertyPath: m_LocalEulerAnglesHint.z
      value: 0
      objectReference: {fileID: 0}
    m_RemovedComponents: []
  m_SourcePrefab: {fileID: 100100000, guid: 57c64c56669745847b5c9620a407660a, type: 3}
--- !u!1 &264403020
GameObject:
  m_ObjectHideFlags: 0
  m_CorrespondingSourceObject: {fileID: 0}
  m_PrefabInstance: {fileID: 0}
  m_PrefabAsset: {fileID: 0}
  serializedVersion: 6
  m_Component:
  - component: {fileID: 264403021}
  - component: {fileID: 264403024}
  - component: {fileID: 264403023}
  - component: {fileID: 264403022}
  m_Layer: 0
  m_Name: Cube (2)
  m_TagString: Untagged
  m_Icon: {fileID: 0}
  m_NavMeshLayer: 0
  m_StaticEditorFlags: 0
  m_IsActive: 1
--- !u!4 &264403021
Transform:
  m_ObjectHideFlags: 0
  m_CorrespondingSourceObject: {fileID: 0}
  m_PrefabInstance: {fileID: 0}
  m_PrefabAsset: {fileID: 0}
  m_GameObject: {fileID: 264403020}
  m_LocalRotation: {x: 0, y: 0, z: 0, w: 1}
  m_LocalPosition: {x: 56.4, y: 256.3, z: 218}
  m_LocalScale: {x: 14.4058, y: 40.6185, z: 461.08}
  m_Children: []
  m_Father: {fileID: 837571629}
  m_RootOrder: 2
  m_LocalEulerAnglesHint: {x: 0, y: 0, z: 0}
--- !u!65 &264403022
BoxCollider:
  m_ObjectHideFlags: 0
  m_CorrespondingSourceObject: {fileID: 0}
  m_PrefabInstance: {fileID: 0}
  m_PrefabAsset: {fileID: 0}
  m_GameObject: {fileID: 264403020}
  m_Material: {fileID: 0}
  m_IsTrigger: 0
  m_Enabled: 1
  serializedVersion: 2
  m_Size: {x: 1, y: 1, z: 1}
  m_Center: {x: 0, y: 0, z: 0}
--- !u!23 &264403023
MeshRenderer:
  m_ObjectHideFlags: 0
  m_CorrespondingSourceObject: {fileID: 0}
  m_PrefabInstance: {fileID: 0}
  m_PrefabAsset: {fileID: 0}
  m_GameObject: {fileID: 264403020}
  m_Enabled: 1
  m_CastShadows: 1
  m_ReceiveShadows: 1
  m_DynamicOccludee: 1
  m_MotionVectors: 1
  m_LightProbeUsage: 1
  m_ReflectionProbeUsage: 1
  m_RenderingLayerMask: 1
  m_RendererPriority: 0
  m_Materials:
  - {fileID: 2100000, guid: 9ac07b6c6ea895e439b0001e4dc0f916, type: 2}
  m_StaticBatchInfo:
    firstSubMesh: 0
    subMeshCount: 0
  m_StaticBatchRoot: {fileID: 0}
  m_ProbeAnchor: {fileID: 0}
  m_LightProbeVolumeOverride: {fileID: 0}
  m_ScaleInLightmap: 1
  m_ReceiveGI: 1
  m_PreserveUVs: 0
  m_IgnoreNormalsForChartDetection: 0
  m_ImportantGI: 0
  m_StitchLightmapSeams: 1
  m_SelectedEditorRenderState: 3
  m_MinimumChartSize: 4
  m_AutoUVMaxDistance: 0.5
  m_AutoUVMaxAngle: 89
  m_LightmapParameters: {fileID: 0}
  m_SortingLayerID: 0
  m_SortingLayer: 0
  m_SortingOrder: 0
--- !u!33 &264403024
MeshFilter:
  m_ObjectHideFlags: 0
  m_CorrespondingSourceObject: {fileID: 0}
  m_PrefabInstance: {fileID: 0}
  m_PrefabAsset: {fileID: 0}
  m_GameObject: {fileID: 264403020}
  m_Mesh: {fileID: 10202, guid: 0000000000000000e000000000000000, type: 0}
--- !u!1 &297159579
GameObject:
  m_ObjectHideFlags: 0
  m_CorrespondingSourceObject: {fileID: 0}
  m_PrefabInstance: {fileID: 0}
  m_PrefabAsset: {fileID: 0}
  serializedVersion: 6
  m_Component:
  - component: {fileID: 297159580}
  - component: {fileID: 297159583}
  - component: {fileID: 297159582}
  - component: {fileID: 297159581}
  m_Layer: 0
  m_Name: Cube (5)
  m_TagString: Untagged
  m_Icon: {fileID: 0}
  m_NavMeshLayer: 0
  m_StaticEditorFlags: 0
  m_IsActive: 1
--- !u!4 &297159580
Transform:
  m_ObjectHideFlags: 0
  m_CorrespondingSourceObject: {fileID: 0}
  m_PrefabInstance: {fileID: 0}
  m_PrefabAsset: {fileID: 0}
  m_GameObject: {fileID: 297159579}
  m_LocalRotation: {x: 0, y: 0, z: 0, w: 1}
  m_LocalPosition: {x: 14, y: 256.3, z: 218}
  m_LocalScale: {x: 14.4058, y: 40.6185, z: 461.08}
  m_Children: []
  m_Father: {fileID: 837571629}
  m_RootOrder: 5
  m_LocalEulerAnglesHint: {x: 0, y: 0, z: 0}
--- !u!65 &297159581
BoxCollider:
  m_ObjectHideFlags: 0
  m_CorrespondingSourceObject: {fileID: 0}
  m_PrefabInstance: {fileID: 0}
  m_PrefabAsset: {fileID: 0}
  m_GameObject: {fileID: 297159579}
  m_Material: {fileID: 0}
  m_IsTrigger: 0
  m_Enabled: 1
  serializedVersion: 2
  m_Size: {x: 1, y: 1, z: 1}
  m_Center: {x: 0, y: 0, z: 0}
--- !u!23 &297159582
MeshRenderer:
  m_ObjectHideFlags: 0
  m_CorrespondingSourceObject: {fileID: 0}
  m_PrefabInstance: {fileID: 0}
  m_PrefabAsset: {fileID: 0}
  m_GameObject: {fileID: 297159579}
  m_Enabled: 1
  m_CastShadows: 1
  m_ReceiveShadows: 1
  m_DynamicOccludee: 1
  m_MotionVectors: 1
  m_LightProbeUsage: 1
  m_ReflectionProbeUsage: 1
  m_RenderingLayerMask: 1
  m_RendererPriority: 0
  m_Materials:
  - {fileID: 2100000, guid: 9ac07b6c6ea895e439b0001e4dc0f916, type: 2}
  m_StaticBatchInfo:
    firstSubMesh: 0
    subMeshCount: 0
  m_StaticBatchRoot: {fileID: 0}
  m_ProbeAnchor: {fileID: 0}
  m_LightProbeVolumeOverride: {fileID: 0}
  m_ScaleInLightmap: 1
  m_ReceiveGI: 1
  m_PreserveUVs: 0
  m_IgnoreNormalsForChartDetection: 0
  m_ImportantGI: 0
  m_StitchLightmapSeams: 1
  m_SelectedEditorRenderState: 3
  m_MinimumChartSize: 4
  m_AutoUVMaxDistance: 0.5
  m_AutoUVMaxAngle: 89
  m_LightmapParameters: {fileID: 0}
  m_SortingLayerID: 0
  m_SortingLayer: 0
  m_SortingOrder: 0
--- !u!33 &297159583
MeshFilter:
  m_ObjectHideFlags: 0
  m_CorrespondingSourceObject: {fileID: 0}
  m_PrefabInstance: {fileID: 0}
  m_PrefabAsset: {fileID: 0}
  m_GameObject: {fileID: 297159579}
  m_Mesh: {fileID: 10202, guid: 0000000000000000e000000000000000, type: 0}
--- !u!1 &431699506
GameObject:
  m_ObjectHideFlags: 0
  m_CorrespondingSourceObject: {fileID: 0}
  m_PrefabInstance: {fileID: 0}
  m_PrefabAsset: {fileID: 0}
  serializedVersion: 6
  m_Component:
  - component: {fileID: 431699508}
  - component: {fileID: 431699507}
  m_Layer: 0
  m_Name: Directional Light
  m_TagString: Untagged
  m_Icon: {fileID: 0}
  m_NavMeshLayer: 0
  m_StaticEditorFlags: 0
  m_IsActive: 1
--- !u!108 &431699507
Light:
  m_ObjectHideFlags: 0
  m_CorrespondingSourceObject: {fileID: 0}
  m_PrefabInstance: {fileID: 0}
  m_PrefabAsset: {fileID: 0}
  m_GameObject: {fileID: 431699506}
  m_Enabled: 1
  serializedVersion: 9
  m_Type: 1
  m_Color: {r: 1, g: 0.95686275, b: 0.8392157, a: 1}
  m_Intensity: 1
  m_Range: 10
  m_SpotAngle: 30
  m_InnerSpotAngle: 21.80208
  m_CookieSize: 10
  m_Shadows:
    m_Type: 2
    m_Resolution: -1
    m_CustomResolution: -1
    m_Strength: 1
    m_Bias: 0.05
    m_NormalBias: 0.4
    m_NearPlane: 0.2
    m_CullingMatrixOverride:
      e00: 1
      e01: 0
      e02: 0
      e03: 0
      e10: 0
      e11: 1
      e12: 0
      e13: 0
      e20: 0
      e21: 0
      e22: 1
      e23: 0
      e30: 0
      e31: 0
      e32: 0
      e33: 1
    m_UseCullingMatrixOverride: 0
  m_Cookie: {fileID: 0}
  m_DrawHalo: 0
  m_Flare: {fileID: 0}
  m_RenderMode: 0
  m_CullingMask:
    serializedVersion: 2
    m_Bits: 4294967295
  m_RenderingLayerMask: 1
  m_Lightmapping: 4
  m_LightShadowCasterMode: 0
  m_AreaSize: {x: 1, y: 1}
  m_BounceIntensity: 1
  m_ColorTemperature: 6570
  m_UseColorTemperature: 0
  m_BoundingSphereOverride: {x: 0, y: 0, z: 0, w: 0}
  m_UseBoundingSphereOverride: 0
  m_ShadowRadius: 0
  m_ShadowAngle: 0
--- !u!4 &431699508
Transform:
  m_ObjectHideFlags: 0
  m_CorrespondingSourceObject: {fileID: 0}
  m_PrefabInstance: {fileID: 0}
  m_PrefabAsset: {fileID: 0}
  m_GameObject: {fileID: 431699506}
  m_LocalRotation: {x: 0.74739915, y: -0.16395494, z: 0.20026495, w: 0.61188835}
  m_LocalPosition: {x: 0, y: 3, z: 0}
  m_LocalScale: {x: 1, y: 1, z: 1}
  m_Children: []
  m_Father: {fileID: 0}
  m_RootOrder: 1
  m_LocalEulerAnglesHint: {x: 101.38599, y: -30, z: 0}
--- !u!1 &446166638
GameObject:
  m_ObjectHideFlags: 0
  m_CorrespondingSourceObject: {fileID: 0}
  m_PrefabInstance: {fileID: 0}
  m_PrefabAsset: {fileID: 0}
  serializedVersion: 6
  m_Component:
  - component: {fileID: 446166639}
  - component: {fileID: 446166642}
  - component: {fileID: 446166641}
  - component: {fileID: 446166640}
  m_Layer: 0
  m_Name: Cube (1)
  m_TagString: Untagged
  m_Icon: {fileID: 0}
  m_NavMeshLayer: 0
  m_StaticEditorFlags: 0
  m_IsActive: 1
--- !u!4 &446166639
Transform:
  m_ObjectHideFlags: 0
  m_CorrespondingSourceObject: {fileID: 0}
  m_PrefabInstance: {fileID: 0}
  m_PrefabAsset: {fileID: 0}
  m_GameObject: {fileID: 446166638}
  m_LocalRotation: {x: 0, y: 0, z: 0, w: 1}
  m_LocalPosition: {x: 71.7, y: 256.3, z: 218}
  m_LocalScale: {x: 14.4058, y: 40.6185, z: 461.08}
  m_Children: []
  m_Father: {fileID: 837571629}
  m_RootOrder: 1
  m_LocalEulerAnglesHint: {x: 0, y: 0, z: 0}
--- !u!65 &446166640
BoxCollider:
  m_ObjectHideFlags: 0
  m_CorrespondingSourceObject: {fileID: 0}
  m_PrefabInstance: {fileID: 0}
  m_PrefabAsset: {fileID: 0}
  m_GameObject: {fileID: 446166638}
  m_Material: {fileID: 0}
  m_IsTrigger: 0
  m_Enabled: 1
  serializedVersion: 2
  m_Size: {x: 1, y: 1, z: 1}
  m_Center: {x: 0, y: 0, z: 0}
--- !u!23 &446166641
MeshRenderer:
  m_ObjectHideFlags: 0
  m_CorrespondingSourceObject: {fileID: 0}
  m_PrefabInstance: {fileID: 0}
  m_PrefabAsset: {fileID: 0}
  m_GameObject: {fileID: 446166638}
  m_Enabled: 1
  m_CastShadows: 1
  m_ReceiveShadows: 1
  m_DynamicOccludee: 1
  m_MotionVectors: 1
  m_LightProbeUsage: 1
  m_ReflectionProbeUsage: 1
  m_RenderingLayerMask: 1
  m_RendererPriority: 0
  m_Materials:
  - {fileID: 2100000, guid: 2f99b1bcaa186be439df7756aa3d5f5a, type: 2}
  m_StaticBatchInfo:
    firstSubMesh: 0
    subMeshCount: 0
  m_StaticBatchRoot: {fileID: 0}
  m_ProbeAnchor: {fileID: 0}
  m_LightProbeVolumeOverride: {fileID: 0}
  m_ScaleInLightmap: 1
  m_ReceiveGI: 1
  m_PreserveUVs: 0
  m_IgnoreNormalsForChartDetection: 0
  m_ImportantGI: 0
  m_StitchLightmapSeams: 1
  m_SelectedEditorRenderState: 3
  m_MinimumChartSize: 4
  m_AutoUVMaxDistance: 0.5
  m_AutoUVMaxAngle: 89
  m_LightmapParameters: {fileID: 0}
  m_SortingLayerID: 0
  m_SortingLayer: 0
  m_SortingOrder: 0
--- !u!33 &446166642
MeshFilter:
  m_ObjectHideFlags: 0
  m_CorrespondingSourceObject: {fileID: 0}
  m_PrefabInstance: {fileID: 0}
  m_PrefabAsset: {fileID: 0}
  m_GameObject: {fileID: 446166638}
  m_Mesh: {fileID: 10202, guid: 0000000000000000e000000000000000, type: 0}
--- !u!1 &793201559 stripped
GameObject:
  m_CorrespondingSourceObject: {fileID: 7075405626043736656, guid: 3c955559386b3f6458ab0404f850e25b,
    type: 3}
  m_PrefabInstance: {fileID: 1683091539}
  m_PrefabAsset: {fileID: 0}
--- !u!1 &837272859
GameObject:
  m_ObjectHideFlags: 0
  m_CorrespondingSourceObject: {fileID: 0}
  m_PrefabInstance: {fileID: 0}
  m_PrefabAsset: {fileID: 0}
  serializedVersion: 6
  m_Component:
  - component: {fileID: 837272861}
  - component: {fileID: 837272860}
  - component: {fileID: 837272862}
  m_Layer: 0
  m_Name: Music1
  m_TagString: Music_Level_01
  m_Icon: {fileID: 5132851093641282708, guid: 0000000000000000d000000000000000, type: 0}
  m_NavMeshLayer: 0
  m_StaticEditorFlags: 0
  m_IsActive: 1
--- !u!65 &837272860
BoxCollider:
  m_ObjectHideFlags: 0
  m_CorrespondingSourceObject: {fileID: 0}
  m_PrefabInstance: {fileID: 0}
  m_PrefabAsset: {fileID: 0}
  m_GameObject: {fileID: 837272859}
  m_Material: {fileID: 0}
  m_IsTrigger: 1
  m_Enabled: 1
  serializedVersion: 2
  m_Size: {x: 50, y: 50, z: 50}
  m_Center: {x: 0, y: 0, z: 0}
--- !u!4 &837272861
Transform:
  m_ObjectHideFlags: 0
  m_CorrespondingSourceObject: {fileID: 0}
  m_PrefabInstance: {fileID: 0}
  m_PrefabAsset: {fileID: 0}
  m_GameObject: {fileID: 837272859}
  m_LocalRotation: {x: 0, y: 0, z: 0, w: 1}
  m_LocalPosition: {x: -329.2, y: 18.622215, z: -103}
  m_LocalScale: {x: 1, y: 1, z: 1}
  m_Children:
  - {fileID: 1586922458}
  m_Father: {fileID: 0}
  m_RootOrder: 8
  m_LocalEulerAnglesHint: {x: 0, y: 0, z: 0}
--- !u!114 &837272862
MonoBehaviour:
  m_ObjectHideFlags: 0
  m_CorrespondingSourceObject: {fileID: 0}
  m_PrefabInstance: {fileID: 0}
  m_PrefabAsset: {fileID: 0}
  m_GameObject: {fileID: 837272859}
  m_Enabled: 1
  m_EditorHideFlags: 0
  m_Script: {fileID: 11500000, guid: e6b3a486cdb13e24096aa5e6bcb6d368, type: 3}
  m_Name: 
  m_EditorClassIdentifier: 
  _StateManager: {fileID: 1969968596}
--- !u!1 &837571628
GameObject:
  m_ObjectHideFlags: 0
  m_CorrespondingSourceObject: {fileID: 0}
  m_PrefabInstance: {fileID: 0}
  m_PrefabAsset: {fileID: 0}
  serializedVersion: 6
  m_Component:
  - component: {fileID: 837571629}
  m_Layer: 0
  m_Name: Buildings
  m_TagString: Untagged
  m_Icon: {fileID: 0}
  m_NavMeshLayer: 0
  m_StaticEditorFlags: 0
  m_IsActive: 1
--- !u!4 &837571629
Transform:
  m_ObjectHideFlags: 0
  m_CorrespondingSourceObject: {fileID: 0}
  m_PrefabInstance: {fileID: 0}
  m_PrefabAsset: {fileID: 0}
  m_GameObject: {fileID: 837571628}
  m_LocalRotation: {x: 0, y: 0, z: 0, w: 1}
  m_LocalPosition: {x: 228.50354, y: -232.43211, z: -473.57947}
  m_LocalScale: {x: 1, y: 1, z: 1}
  m_Children:
  - {fileID: 1915490338}
  - {fileID: 446166639}
  - {fileID: 264403021}
  - {fileID: 208409098}
  - {fileID: 910290318}
  - {fileID: 297159580}
  m_Father: {fileID: 0}
  m_RootOrder: 7
  m_LocalEulerAnglesHint: {x: 0, y: 0, z: 0}
--- !u!1 &910290317
GameObject:
  m_ObjectHideFlags: 0
  m_CorrespondingSourceObject: {fileID: 0}
  m_PrefabInstance: {fileID: 0}
  m_PrefabAsset: {fileID: 0}
  serializedVersion: 6
  m_Component:
  - component: {fileID: 910290318}
  - component: {fileID: 910290321}
  - component: {fileID: 910290320}
  - component: {fileID: 910290319}
  m_Layer: 0
  m_Name: Cube (4)
  m_TagString: Untagged
  m_Icon: {fileID: 0}
  m_NavMeshLayer: 0
  m_StaticEditorFlags: 0
  m_IsActive: 1
--- !u!4 &910290318
Transform:
  m_ObjectHideFlags: 0
  m_CorrespondingSourceObject: {fileID: 0}
  m_PrefabInstance: {fileID: 0}
  m_PrefabAsset: {fileID: 0}
  m_GameObject: {fileID: 910290317}
  m_LocalRotation: {x: 0, y: 0.7071068, z: 0, w: 0.7071068}
  m_LocalPosition: {x: 163, y: 256.3, z: -1.6}
  m_LocalScale: {x: 14.4058, y: 40.6185, z: 169.60516}
  m_Children: []
  m_Father: {fileID: 837571629}
  m_RootOrder: 4
  m_LocalEulerAnglesHint: {x: 0, y: 90, z: 0}
--- !u!65 &910290319
BoxCollider:
  m_ObjectHideFlags: 0
  m_CorrespondingSourceObject: {fileID: 0}
  m_PrefabInstance: {fileID: 0}
  m_PrefabAsset: {fileID: 0}
  m_GameObject: {fileID: 910290317}
  m_Material: {fileID: 0}
  m_IsTrigger: 0
  m_Enabled: 1
  serializedVersion: 2
  m_Size: {x: 1, y: 1, z: 1}
  m_Center: {x: 0, y: 0, z: 0}
--- !u!23 &910290320
MeshRenderer:
  m_ObjectHideFlags: 0
  m_CorrespondingSourceObject: {fileID: 0}
  m_PrefabInstance: {fileID: 0}
  m_PrefabAsset: {fileID: 0}
  m_GameObject: {fileID: 910290317}
  m_Enabled: 1
  m_CastShadows: 1
  m_ReceiveShadows: 1
  m_DynamicOccludee: 1
  m_MotionVectors: 1
  m_LightProbeUsage: 1
  m_ReflectionProbeUsage: 1
  m_RenderingLayerMask: 1
  m_RendererPriority: 0
  m_Materials:
  - {fileID: 2100000, guid: 2f99b1bcaa186be439df7756aa3d5f5a, type: 2}
  m_StaticBatchInfo:
    firstSubMesh: 0
    subMeshCount: 0
  m_StaticBatchRoot: {fileID: 0}
  m_ProbeAnchor: {fileID: 0}
  m_LightProbeVolumeOverride: {fileID: 0}
  m_ScaleInLightmap: 1
  m_ReceiveGI: 1
  m_PreserveUVs: 0
  m_IgnoreNormalsForChartDetection: 0
  m_ImportantGI: 0
  m_StitchLightmapSeams: 1
  m_SelectedEditorRenderState: 3
  m_MinimumChartSize: 4
  m_AutoUVMaxDistance: 0.5
  m_AutoUVMaxAngle: 89
  m_LightmapParameters: {fileID: 0}
  m_SortingLayerID: 0
  m_SortingLayer: 0
  m_SortingOrder: 0
--- !u!33 &910290321
MeshFilter:
  m_ObjectHideFlags: 0
  m_CorrespondingSourceObject: {fileID: 0}
  m_PrefabInstance: {fileID: 0}
  m_PrefabAsset: {fileID: 0}
  m_GameObject: {fileID: 910290317}
  m_Mesh: {fileID: 10202, guid: 0000000000000000e000000000000000, type: 0}
--- !u!1 &944814011
GameObject:
  m_ObjectHideFlags: 0
  m_CorrespondingSourceObject: {fileID: 0}
  m_PrefabInstance: {fileID: 0}
  m_PrefabAsset: {fileID: 0}
  serializedVersion: 6
  m_Component:
  - component: {fileID: 944814012}
  - component: {fileID: 944814014}
  - component: {fileID: 944814013}
  m_Layer: 0
  m_Name: Sphere
  m_TagString: Untagged
  m_Icon: {fileID: 0}
  m_NavMeshLayer: 0
  m_StaticEditorFlags: 0
  m_IsActive: 1
--- !u!4 &944814012
Transform:
  m_ObjectHideFlags: 0
  m_CorrespondingSourceObject: {fileID: 0}
  m_PrefabInstance: {fileID: 0}
  m_PrefabAsset: {fileID: 0}
  m_GameObject: {fileID: 944814011}
  m_LocalRotation: {x: 0, y: 0, z: 0, w: 1}
  m_LocalPosition: {x: 0, y: 0, z: 0}
  m_LocalScale: {x: 10, y: 10, z: 10}
  m_Children: []
  m_Father: {fileID: 1054296716}
  m_RootOrder: 0
  m_LocalEulerAnglesHint: {x: 0, y: 0, z: 0}
--- !u!23 &944814013
MeshRenderer:
  m_ObjectHideFlags: 0
  m_CorrespondingSourceObject: {fileID: 0}
  m_PrefabInstance: {fileID: 0}
  m_PrefabAsset: {fileID: 0}
  m_GameObject: {fileID: 944814011}
  m_Enabled: 1
  m_CastShadows: 1
  m_ReceiveShadows: 1
  m_DynamicOccludee: 1
  m_MotionVectors: 1
  m_LightProbeUsage: 1
  m_ReflectionProbeUsage: 1
  m_RenderingLayerMask: 1
  m_RendererPriority: 0
  m_Materials:
  - {fileID: 2100000, guid: 31321ba15b8f8eb4c954353edc038b1d, type: 2}
  m_StaticBatchInfo:
    firstSubMesh: 0
    subMeshCount: 0
  m_StaticBatchRoot: {fileID: 0}
  m_ProbeAnchor: {fileID: 0}
  m_LightProbeVolumeOverride: {fileID: 0}
  m_ScaleInLightmap: 1
  m_ReceiveGI: 1
  m_PreserveUVs: 0
  m_IgnoreNormalsForChartDetection: 0
  m_ImportantGI: 0
  m_StitchLightmapSeams: 1
  m_SelectedEditorRenderState: 3
  m_MinimumChartSize: 4
  m_AutoUVMaxDistance: 0.5
  m_AutoUVMaxAngle: 89
  m_LightmapParameters: {fileID: 0}
  m_SortingLayerID: 0
  m_SortingLayer: 0
  m_SortingOrder: 0
--- !u!33 &944814014
MeshFilter:
  m_ObjectHideFlags: 0
  m_CorrespondingSourceObject: {fileID: 0}
  m_PrefabInstance: {fileID: 0}
  m_PrefabAsset: {fileID: 0}
  m_GameObject: {fileID: 944814011}
  m_Mesh: {fileID: 10207, guid: 0000000000000000e000000000000000, type: 0}
--- !u!1001 &965083789
PrefabInstance:
  m_ObjectHideFlags: 0
  serializedVersion: 2
  m_Modification:
    m_TransformParent: {fileID: 0}
    m_Modifications:
    - target: {fileID: 205213426, guid: dad2d97bcd08e10408dd5a999d920b0d, type: 3}
      propertyPath: m_LocalPosition.x
      value: -68.6
      objectReference: {fileID: 0}
    - target: {fileID: 3534910395285397489, guid: dad2d97bcd08e10408dd5a999d920b0d,
        type: 3}
      propertyPath: m_Name
      value: EnemyHoverDrone (1)
      objectReference: {fileID: 0}
    - target: {fileID: 3534910395285397490, guid: dad2d97bcd08e10408dd5a999d920b0d,
        type: 3}
      propertyPath: m_LocalPosition.x
      value: -316
      objectReference: {fileID: 0}
    - target: {fileID: 3534910395285397490, guid: dad2d97bcd08e10408dd5a999d920b0d,
        type: 3}
      propertyPath: m_LocalPosition.y
      value: 38.9
      objectReference: {fileID: 0}
    - target: {fileID: 3534910395285397490, guid: dad2d97bcd08e10408dd5a999d920b0d,
        type: 3}
      propertyPath: m_LocalPosition.z
      value: 242.60004
      objectReference: {fileID: 0}
    - target: {fileID: 3534910395285397490, guid: dad2d97bcd08e10408dd5a999d920b0d,
        type: 3}
      propertyPath: m_LocalRotation.x
      value: -0
      objectReference: {fileID: 0}
    - target: {fileID: 3534910395285397490, guid: dad2d97bcd08e10408dd5a999d920b0d,
        type: 3}
      propertyPath: m_LocalRotation.y
      value: -0
      objectReference: {fileID: 0}
    - target: {fileID: 3534910395285397490, guid: dad2d97bcd08e10408dd5a999d920b0d,
        type: 3}
      propertyPath: m_LocalRotation.z
      value: -0
      objectReference: {fileID: 0}
    - target: {fileID: 3534910395285397490, guid: dad2d97bcd08e10408dd5a999d920b0d,
        type: 3}
      propertyPath: m_LocalRotation.w
      value: 1
      objectReference: {fileID: 0}
    - target: {fileID: 3534910395285397490, guid: dad2d97bcd08e10408dd5a999d920b0d,
        type: 3}
      propertyPath: m_RootOrder
      value: 14
      objectReference: {fileID: 0}
    - target: {fileID: 3534910395285397490, guid: dad2d97bcd08e10408dd5a999d920b0d,
        type: 3}
      propertyPath: m_LocalEulerAnglesHint.x
      value: 0
      objectReference: {fileID: 0}
    - target: {fileID: 3534910395285397490, guid: dad2d97bcd08e10408dd5a999d920b0d,
        type: 3}
      propertyPath: m_LocalEulerAnglesHint.y
      value: 0
      objectReference: {fileID: 0}
    - target: {fileID: 3534910395285397490, guid: dad2d97bcd08e10408dd5a999d920b0d,
        type: 3}
      propertyPath: m_LocalEulerAnglesHint.z
      value: 0
      objectReference: {fileID: 0}
    m_RemovedComponents: []
  m_SourcePrefab: {fileID: 100100000, guid: dad2d97bcd08e10408dd5a999d920b0d, type: 3}
--- !u!1001 &1002209789
PrefabInstance:
  m_ObjectHideFlags: 0
  serializedVersion: 2
  m_Modification:
    m_TransformParent: {fileID: 0}
    m_Modifications:
    - target: {fileID: 1689881890632594080, guid: 879f6c54e06a674418de209963cdbe8f,
        type: 3}
      propertyPath: m_LocalPosition.x
      value: 256.62122
      objectReference: {fileID: 0}
    - target: {fileID: 1689881890632594080, guid: 879f6c54e06a674418de209963cdbe8f,
        type: 3}
      propertyPath: m_LocalPosition.y
      value: 18.177355
      objectReference: {fileID: 0}
    - target: {fileID: 1689881890632594080, guid: 879f6c54e06a674418de209963cdbe8f,
        type: 3}
      propertyPath: m_LocalPosition.z
      value: -222.24553
      objectReference: {fileID: 0}
    - target: {fileID: 1689881890632594080, guid: 879f6c54e06a674418de209963cdbe8f,
        type: 3}
      propertyPath: m_LocalRotation.x
      value: 0
      objectReference: {fileID: 0}
    - target: {fileID: 1689881890632594080, guid: 879f6c54e06a674418de209963cdbe8f,
        type: 3}
      propertyPath: m_LocalRotation.y
      value: 0
      objectReference: {fileID: 0}
    - target: {fileID: 1689881890632594080, guid: 879f6c54e06a674418de209963cdbe8f,
        type: 3}
      propertyPath: m_LocalRotation.z
      value: 0
      objectReference: {fileID: 0}
    - target: {fileID: 1689881890632594080, guid: 879f6c54e06a674418de209963cdbe8f,
        type: 3}
      propertyPath: m_LocalRotation.w
      value: 1
      objectReference: {fileID: 0}
    - target: {fileID: 1689881890632594080, guid: 879f6c54e06a674418de209963cdbe8f,
        type: 3}
      propertyPath: m_RootOrder
      value: 10
      objectReference: {fileID: 0}
    - target: {fileID: 1689881890632594080, guid: 879f6c54e06a674418de209963cdbe8f,
        type: 3}
      propertyPath: m_LocalEulerAnglesHint.x
      value: 0
      objectReference: {fileID: 0}
    - target: {fileID: 1689881890632594080, guid: 879f6c54e06a674418de209963cdbe8f,
        type: 3}
      propertyPath: m_LocalEulerAnglesHint.y
      value: 0
      objectReference: {fileID: 0}
    - target: {fileID: 1689881890632594080, guid: 879f6c54e06a674418de209963cdbe8f,
        type: 3}
      propertyPath: m_LocalEulerAnglesHint.z
      value: 0
      objectReference: {fileID: 0}
    - target: {fileID: 1689881890632594082, guid: 879f6c54e06a674418de209963cdbe8f,
        type: 3}
      propertyPath: m_Name
      value: Music Player
      objectReference: {fileID: 0}
    m_RemovedComponents: []
  m_SourcePrefab: {fileID: 100100000, guid: 879f6c54e06a674418de209963cdbe8f, type: 3}
--- !u!1 &1054296714
GameObject:
  m_ObjectHideFlags: 0
  m_CorrespondingSourceObject: {fileID: 0}
  m_PrefabInstance: {fileID: 0}
  m_PrefabAsset: {fileID: 0}
  serializedVersion: 6
  m_Component:
  - component: {fileID: 1054296716}
  - component: {fileID: 1054296715}
  - component: {fileID: 1054296717}
  m_Layer: 0
  m_Name: Music2
  m_TagString: Music_Level_02
  m_Icon: {fileID: 5132851093641282708, guid: 0000000000000000d000000000000000, type: 0}
  m_NavMeshLayer: 0
  m_StaticEditorFlags: 0
  m_IsActive: 1
--- !u!65 &1054296715
BoxCollider:
  m_ObjectHideFlags: 0
  m_CorrespondingSourceObject: {fileID: 0}
  m_PrefabInstance: {fileID: 0}
  m_PrefabAsset: {fileID: 0}
  m_GameObject: {fileID: 1054296714}
  m_Material: {fileID: 0}
  m_IsTrigger: 1
  m_Enabled: 1
  serializedVersion: 2
  m_Size: {x: 50, y: 50, z: 50}
  m_Center: {x: 0, y: 0, z: 0}
--- !u!4 &1054296716
Transform:
  m_ObjectHideFlags: 0
  m_CorrespondingSourceObject: {fileID: 0}
  m_PrefabInstance: {fileID: 0}
  m_PrefabAsset: {fileID: 0}
  m_GameObject: {fileID: 1054296714}
  m_LocalRotation: {x: 0, y: 0, z: 0, w: 1}
  m_LocalPosition: {x: -328.6, y: 18.622215, z: -13.8}
  m_LocalScale: {x: 1, y: 1, z: 1}
  m_Children:
  - {fileID: 944814012}
  m_Father: {fileID: 0}
  m_RootOrder: 9
  m_LocalEulerAnglesHint: {x: 0, y: 0, z: 0}
--- !u!114 &1054296717
MonoBehaviour:
  m_ObjectHideFlags: 0
  m_CorrespondingSourceObject: {fileID: 0}
  m_PrefabInstance: {fileID: 0}
  m_PrefabAsset: {fileID: 0}
  m_GameObject: {fileID: 1054296714}
  m_Enabled: 1
  m_EditorHideFlags: 0
  m_Script: {fileID: 11500000, guid: e6b3a486cdb13e24096aa5e6bcb6d368, type: 3}
  m_Name: 
  m_EditorClassIdentifier: 
  _StateManager: {fileID: 1969968596}
--- !u!1 &1158378639
GameObject:
  m_ObjectHideFlags: 0
  m_CorrespondingSourceObject: {fileID: 0}
  m_PrefabInstance: {fileID: 0}
  m_PrefabAsset: {fileID: 0}
  serializedVersion: 6
  m_Component:
  - component: {fileID: 1158378643}
  - component: {fileID: 1158378642}
  - component: {fileID: 1158378641}
  - component: {fileID: 1158378640}
  m_Layer: 9
  m_Name: Plane
  m_TagString: Untagged
  m_Icon: {fileID: 0}
  m_NavMeshLayer: 0
  m_StaticEditorFlags: 8
  m_IsActive: 1
--- !u!64 &1158378640
MeshCollider:
  m_ObjectHideFlags: 0
  m_CorrespondingSourceObject: {fileID: 0}
  m_PrefabInstance: {fileID: 0}
  m_PrefabAsset: {fileID: 0}
  m_GameObject: {fileID: 1158378639}
  m_Material: {fileID: 0}
  m_IsTrigger: 0
  m_Enabled: 1
  serializedVersion: 3
  m_Convex: 0
  m_CookingOptions: 14
  m_Mesh: {fileID: 10209, guid: 0000000000000000e000000000000000, type: 0}
--- !u!23 &1158378641
MeshRenderer:
  m_ObjectHideFlags: 0
  m_CorrespondingSourceObject: {fileID: 0}
  m_PrefabInstance: {fileID: 0}
  m_PrefabAsset: {fileID: 0}
  m_GameObject: {fileID: 1158378639}
  m_Enabled: 1
  m_CastShadows: 1
  m_ReceiveShadows: 1
  m_DynamicOccludee: 1
  m_MotionVectors: 1
  m_LightProbeUsage: 1
  m_ReflectionProbeUsage: 1
  m_RenderingLayerMask: 1
  m_RendererPriority: 0
  m_Materials:
  - {fileID: 2100000, guid: 59f6680a053cba8449e9ff043fddf129, type: 2}
  m_StaticBatchInfo:
    firstSubMesh: 0
    subMeshCount: 0
  m_StaticBatchRoot: {fileID: 0}
  m_ProbeAnchor: {fileID: 0}
  m_LightProbeVolumeOverride: {fileID: 0}
  m_ScaleInLightmap: 1
  m_ReceiveGI: 1
  m_PreserveUVs: 0
  m_IgnoreNormalsForChartDetection: 0
  m_ImportantGI: 0
  m_StitchLightmapSeams: 1
  m_SelectedEditorRenderState: 3
  m_MinimumChartSize: 4
  m_AutoUVMaxDistance: 0.5
  m_AutoUVMaxAngle: 89
  m_LightmapParameters: {fileID: 0}
  m_SortingLayerID: 0
  m_SortingLayer: 0
  m_SortingOrder: 0
--- !u!33 &1158378642
MeshFilter:
  m_ObjectHideFlags: 0
  m_CorrespondingSourceObject: {fileID: 0}
  m_PrefabInstance: {fileID: 0}
  m_PrefabAsset: {fileID: 0}
  m_GameObject: {fileID: 1158378639}
  m_Mesh: {fileID: 10209, guid: 0000000000000000e000000000000000, type: 0}
--- !u!4 &1158378643
Transform:
  m_ObjectHideFlags: 0
  m_CorrespondingSourceObject: {fileID: 0}
  m_PrefabInstance: {fileID: 0}
  m_PrefabAsset: {fileID: 0}
  m_GameObject: {fileID: 1158378639}
  m_LocalRotation: {x: 0, y: 0, z: 0, w: 1}
  m_LocalPosition: {x: -13.148, y: 5.68, z: 5.1342}
  m_LocalScale: {x: 100.94308, y: 100.94308, z: 100.94308}
  m_Children: []
  m_Father: {fileID: 0}
  m_RootOrder: 4
  m_LocalEulerAnglesHint: {x: 0, y: 0, z: 0}
--- !u!4 &1551688607 stripped
Transform:
  m_CorrespondingSourceObject: {fileID: 1893979283254199811, guid: 3c955559386b3f6458ab0404f850e25b,
    type: 3}
  m_PrefabInstance: {fileID: 1683091539}
  m_PrefabAsset: {fileID: 0}
--- !u!1 &1586922457
GameObject:
  m_ObjectHideFlags: 0
  m_CorrespondingSourceObject: {fileID: 0}
  m_PrefabInstance: {fileID: 0}
  m_PrefabAsset: {fileID: 0}
  serializedVersion: 6
  m_Component:
  - component: {fileID: 1586922458}
  - component: {fileID: 1586922460}
  - component: {fileID: 1586922459}
  m_Layer: 0
  m_Name: Sphere
  m_TagString: Untagged
  m_Icon: {fileID: 0}
  m_NavMeshLayer: 0
  m_StaticEditorFlags: 0
  m_IsActive: 1
--- !u!4 &1586922458
Transform:
  m_ObjectHideFlags: 0
  m_CorrespondingSourceObject: {fileID: 0}
  m_PrefabInstance: {fileID: 0}
  m_PrefabAsset: {fileID: 0}
  m_GameObject: {fileID: 1586922457}
  m_LocalRotation: {x: 0, y: 0, z: 0, w: 1}
  m_LocalPosition: {x: 0, y: 0, z: 0}
  m_LocalScale: {x: 10, y: 10, z: 10}
  m_Children: []
  m_Father: {fileID: 837272861}
  m_RootOrder: 0
  m_LocalEulerAnglesHint: {x: 0, y: 0, z: 0}
--- !u!23 &1586922459
MeshRenderer:
  m_ObjectHideFlags: 0
  m_CorrespondingSourceObject: {fileID: 0}
  m_PrefabInstance: {fileID: 0}
  m_PrefabAsset: {fileID: 0}
  m_GameObject: {fileID: 1586922457}
  m_Enabled: 1
  m_CastShadows: 1
  m_ReceiveShadows: 1
  m_DynamicOccludee: 1
  m_MotionVectors: 1
  m_LightProbeUsage: 1
  m_ReflectionProbeUsage: 1
  m_RenderingLayerMask: 1
  m_RendererPriority: 0
  m_Materials:
  - {fileID: 2100000, guid: 31321ba15b8f8eb4c954353edc038b1d, type: 2}
  m_StaticBatchInfo:
    firstSubMesh: 0
    subMeshCount: 0
  m_StaticBatchRoot: {fileID: 0}
  m_ProbeAnchor: {fileID: 0}
  m_LightProbeVolumeOverride: {fileID: 0}
  m_ScaleInLightmap: 1
  m_ReceiveGI: 1
  m_PreserveUVs: 0
  m_IgnoreNormalsForChartDetection: 0
  m_ImportantGI: 0
  m_StitchLightmapSeams: 1
  m_SelectedEditorRenderState: 3
  m_MinimumChartSize: 4
  m_AutoUVMaxDistance: 0.5
  m_AutoUVMaxAngle: 89
  m_LightmapParameters: {fileID: 0}
  m_SortingLayerID: 0
  m_SortingLayer: 0
  m_SortingOrder: 0
--- !u!33 &1586922460
MeshFilter:
  m_ObjectHideFlags: 0
  m_CorrespondingSourceObject: {fileID: 0}
  m_PrefabInstance: {fileID: 0}
  m_PrefabAsset: {fileID: 0}
  m_GameObject: {fileID: 1586922457}
  m_Mesh: {fileID: 10207, guid: 0000000000000000e000000000000000, type: 0}
--- !u!1001 &1683091539
PrefabInstance:
  m_ObjectHideFlags: 0
  serializedVersion: 2
  m_Modification:
    m_TransformParent: {fileID: 0}
    m_Modifications:
    - target: {fileID: 1893979283254199811, guid: 3c955559386b3f6458ab0404f850e25b,
        type: 3}
      propertyPath: m_LocalPosition.x
      value: -5
      objectReference: {fileID: 0}
    - target: {fileID: 1893979283254199811, guid: 3c955559386b3f6458ab0404f850e25b,
        type: 3}
      propertyPath: m_LocalPosition.y
      value: 6.43
      objectReference: {fileID: 0}
    - target: {fileID: 1893979283254199811, guid: 3c955559386b3f6458ab0404f850e25b,
        type: 3}
      propertyPath: m_LocalPosition.z
      value: -16
      objectReference: {fileID: 0}
    - target: {fileID: 1893979283254199811, guid: 3c955559386b3f6458ab0404f850e25b,
        type: 3}
      propertyPath: m_LocalRotation.x
      value: -0
      objectReference: {fileID: 0}
    - target: {fileID: 1893979283254199811, guid: 3c955559386b3f6458ab0404f850e25b,
        type: 3}
      propertyPath: m_LocalRotation.y
      value: 0.99939877
      objectReference: {fileID: 0}
    - target: {fileID: 1893979283254199811, guid: 3c955559386b3f6458ab0404f850e25b,
        type: 3}
      propertyPath: m_LocalRotation.z
      value: -0
      objectReference: {fileID: 0}
    - target: {fileID: 1893979283254199811, guid: 3c955559386b3f6458ab0404f850e25b,
        type: 3}
      propertyPath: m_LocalRotation.w
      value: -0.034671813
      objectReference: {fileID: 0}
    - target: {fileID: 1893979283254199811, guid: 3c955559386b3f6458ab0404f850e25b,
        type: 3}
      propertyPath: m_RootOrder
      value: 2
      objectReference: {fileID: 0}
    - target: {fileID: 1893979283254199811, guid: 3c955559386b3f6458ab0404f850e25b,
        type: 3}
      propertyPath: m_LocalEulerAnglesHint.x
      value: 0
      objectReference: {fileID: 0}
    - target: {fileID: 1893979283254199811, guid: 3c955559386b3f6458ab0404f850e25b,
        type: 3}
      propertyPath: m_LocalEulerAnglesHint.y
      value: 183.974
      objectReference: {fileID: 0}
    - target: {fileID: 1893979283254199811, guid: 3c955559386b3f6458ab0404f850e25b,
        type: 3}
      propertyPath: m_LocalEulerAnglesHint.z
      value: 0
      objectReference: {fileID: 0}
    - target: {fileID: 7075405626043736656, guid: 3c955559386b3f6458ab0404f850e25b,
        type: 3}
      propertyPath: m_Name
      value: Pedro
      objectReference: {fileID: 0}
    - target: {fileID: 8913769959221961051, guid: 3c955559386b3f6458ab0404f850e25b,
        type: 3}
      propertyPath: _RailGrindPlay.WwiseObjectReference
      value: 
      objectReference: {fileID: 11400000, guid: d64b75256e356f44199e4cb94d998d48,
        type: 2}
    - target: {fileID: 8913769959221961051, guid: 3c955559386b3f6458ab0404f850e25b,
        type: 3}
      propertyPath: _RailGrindStop.WwiseObjectReference
      value: 
      objectReference: {fileID: 11400000, guid: e25322fe572f64e40a1c5173370a3d4c,
        type: 2}
    m_RemovedComponents: []
  m_SourcePrefab: {fileID: 100100000, guid: 3c955559386b3f6458ab0404f850e25b, type: 3}
--- !u!1 &1887193189
GameObject:
  m_ObjectHideFlags: 0
  m_CorrespondingSourceObject: {fileID: 0}
  m_PrefabInstance: {fileID: 0}
  m_PrefabAsset: {fileID: 0}
  serializedVersion: 6
  m_Component:
  - component: {fileID: 1887193191}
  - component: {fileID: 1887193190}
  m_Layer: 0
  m_Name: SpaceJanInputloader
  m_TagString: Untagged
  m_Icon: {fileID: 0}
  m_NavMeshLayer: 0
  m_StaticEditorFlags: 0
  m_IsActive: 1
--- !u!114 &1887193190
MonoBehaviour:
  m_ObjectHideFlags: 0
  m_CorrespondingSourceObject: {fileID: 0}
  m_PrefabInstance: {fileID: 0}
  m_PrefabAsset: {fileID: 0}
  m_GameObject: {fileID: 1887193189}
  m_Enabled: 1
  m_EditorHideFlags: 0
  m_Script: {fileID: 11500000, guid: 0b1145d32dc74dd449b93b834090e901, type: 3}
  m_Name: 
  m_EditorClassIdentifier: 
  _SpaceJanInputAsset: {fileID: 11400000, guid: 2937c4f25522db44ab47610ff89f6734,
    type: 2}
--- !u!4 &1887193191
Transform:
  m_ObjectHideFlags: 0
  m_CorrespondingSourceObject: {fileID: 0}
  m_PrefabInstance: {fileID: 0}
  m_PrefabAsset: {fileID: 0}
  m_GameObject: {fileID: 1887193189}
  m_LocalRotation: {x: 0, y: 0, z: 0, w: 1}
  m_LocalPosition: {x: -98.66183, y: 10.190104, z: 100.87689}
  m_LocalScale: {x: 1, y: 1, z: 1}
  m_Children: []
  m_Father: {fileID: 0}
  m_RootOrder: 6
  m_LocalEulerAnglesHint: {x: 0, y: 0, z: 0}
--- !u!1 &1915490337
GameObject:
  m_ObjectHideFlags: 0
  m_CorrespondingSourceObject: {fileID: 0}
  m_PrefabInstance: {fileID: 0}
  m_PrefabAsset: {fileID: 0}
  serializedVersion: 6
  m_Component:
  - component: {fileID: 1915490338}
  - component: {fileID: 1915490341}
  - component: {fileID: 1915490340}
  - component: {fileID: 1915490339}
  m_Layer: 0
  m_Name: Cube
  m_TagString: Untagged
  m_Icon: {fileID: 0}
  m_NavMeshLayer: 0
  m_StaticEditorFlags: 0
  m_IsActive: 1
--- !u!4 &1915490338
Transform:
  m_ObjectHideFlags: 0
  m_CorrespondingSourceObject: {fileID: 0}
  m_PrefabInstance: {fileID: 0}
  m_PrefabAsset: {fileID: 0}
  m_GameObject: {fileID: 1915490337}
  m_LocalRotation: {x: 0, y: 0, z: 0, w: 1}
  m_LocalPosition: {x: 242.2, y: 256.3, z: 218}
  m_LocalScale: {x: 14.4058, y: 40.6185, z: 461.08}
  m_Children: []
  m_Father: {fileID: 837571629}
  m_RootOrder: 0
  m_LocalEulerAnglesHint: {x: 0, y: 0, z: 0}
--- !u!65 &1915490339
BoxCollider:
  m_ObjectHideFlags: 0
  m_CorrespondingSourceObject: {fileID: 0}
  m_PrefabInstance: {fileID: 0}
  m_PrefabAsset: {fileID: 0}
  m_GameObject: {fileID: 1915490337}
  m_Material: {fileID: 0}
  m_IsTrigger: 0
  m_Enabled: 1
  serializedVersion: 2
  m_Size: {x: 1, y: 1, z: 1}
  m_Center: {x: 0, y: 0, z: 0}
--- !u!23 &1915490340
MeshRenderer:
  m_ObjectHideFlags: 0
  m_CorrespondingSourceObject: {fileID: 0}
  m_PrefabInstance: {fileID: 0}
  m_PrefabAsset: {fileID: 0}
  m_GameObject: {fileID: 1915490337}
  m_Enabled: 1
  m_CastShadows: 1
  m_ReceiveShadows: 1
  m_DynamicOccludee: 1
  m_MotionVectors: 1
  m_LightProbeUsage: 1
  m_ReflectionProbeUsage: 1
  m_RenderingLayerMask: 1
  m_RendererPriority: 0
  m_Materials:
  - {fileID: 2100000, guid: 2f99b1bcaa186be439df7756aa3d5f5a, type: 2}
  m_StaticBatchInfo:
    firstSubMesh: 0
    subMeshCount: 0
  m_StaticBatchRoot: {fileID: 0}
  m_ProbeAnchor: {fileID: 0}
  m_LightProbeVolumeOverride: {fileID: 0}
  m_ScaleInLightmap: 1
  m_ReceiveGI: 1
  m_PreserveUVs: 0
  m_IgnoreNormalsForChartDetection: 0
  m_ImportantGI: 0
  m_StitchLightmapSeams: 1
  m_SelectedEditorRenderState: 3
  m_MinimumChartSize: 4
  m_AutoUVMaxDistance: 0.5
  m_AutoUVMaxAngle: 89
  m_LightmapParameters: {fileID: 0}
  m_SortingLayerID: 0
  m_SortingLayer: 0
  m_SortingOrder: 0
--- !u!33 &1915490341
MeshFilter:
  m_ObjectHideFlags: 0
  m_CorrespondingSourceObject: {fileID: 0}
  m_PrefabInstance: {fileID: 0}
  m_PrefabAsset: {fileID: 0}
  m_GameObject: {fileID: 1915490337}
  m_Mesh: {fileID: 10202, guid: 0000000000000000e000000000000000, type: 0}
--- !u!114 &1969968596 stripped
MonoBehaviour:
  m_CorrespondingSourceObject: {fileID: 4984476536013962184, guid: 57c64c56669745847b5c9620a407660a,
    type: 3}
  m_PrefabInstance: {fileID: 233058737}
  m_PrefabAsset: {fileID: 0}
  m_GameObject: {fileID: 0}
  m_Enabled: 1
  m_EditorHideFlags: 0
  m_Script: {fileID: 11500000, guid: 7d65efac3fab8654cb0156d92350a338, type: 3}
  m_Name: 
  m_EditorClassIdentifier: 
--- !u!1001 &2019330122
PrefabInstance:
  m_ObjectHideFlags: 0
  serializedVersion: 2
  m_Modification:
    m_TransformParent: {fileID: 0}
    m_Modifications:
    - target: {fileID: 3534910395285397489, guid: dad2d97bcd08e10408dd5a999d920b0d,
        type: 3}
      propertyPath: m_Name
      value: EnemyHoverDrone
      objectReference: {fileID: 0}
    - target: {fileID: 3534910395285397490, guid: dad2d97bcd08e10408dd5a999d920b0d,
        type: 3}
      propertyPath: m_LocalPosition.x
      value: 294.919
      objectReference: {fileID: 0}
    - target: {fileID: 3534910395285397490, guid: dad2d97bcd08e10408dd5a999d920b0d,
        type: 3}
      propertyPath: m_LocalPosition.y
      value: 38.9
      objectReference: {fileID: 0}
    - target: {fileID: 3534910395285397490, guid: dad2d97bcd08e10408dd5a999d920b0d,
        type: 3}
      propertyPath: m_LocalPosition.z
      value: 242.60004
      objectReference: {fileID: 0}
    - target: {fileID: 3534910395285397490, guid: dad2d97bcd08e10408dd5a999d920b0d,
        type: 3}
      propertyPath: m_LocalRotation.x
      value: -0
      objectReference: {fileID: 0}
    - target: {fileID: 3534910395285397490, guid: dad2d97bcd08e10408dd5a999d920b0d,
        type: 3}
      propertyPath: m_LocalRotation.y
      value: -0
      objectReference: {fileID: 0}
    - target: {fileID: 3534910395285397490, guid: dad2d97bcd08e10408dd5a999d920b0d,
        type: 3}
      propertyPath: m_LocalRotation.z
      value: -0
      objectReference: {fileID: 0}
    - target: {fileID: 3534910395285397490, guid: dad2d97bcd08e10408dd5a999d920b0d,
        type: 3}
      propertyPath: m_LocalRotation.w
      value: 1
      objectReference: {fileID: 0}
    - target: {fileID: 3534910395285397490, guid: dad2d97bcd08e10408dd5a999d920b0d,
        type: 3}
      propertyPath: m_RootOrder
      value: 13
      objectReference: {fileID: 0}
    - target: {fileID: 3534910395285397490, guid: dad2d97bcd08e10408dd5a999d920b0d,
        type: 3}
      propertyPath: m_LocalEulerAnglesHint.x
      value: 0
      objectReference: {fileID: 0}
    - target: {fileID: 3534910395285397490, guid: dad2d97bcd08e10408dd5a999d920b0d,
        type: 3}
      propertyPath: m_LocalEulerAnglesHint.y
      value: 0
      objectReference: {fileID: 0}
    - target: {fileID: 3534910395285397490, guid: dad2d97bcd08e10408dd5a999d920b0d,
        type: 3}
      propertyPath: m_LocalEulerAnglesHint.z
      value: 0
      objectReference: {fileID: 0}
    m_RemovedComponents: []
  m_SourcePrefab: {fileID: 100100000, guid: dad2d97bcd08e10408dd5a999d920b0d, type: 3}
--- !u!1001 &2057588754
PrefabInstance:
  m_ObjectHideFlags: 0
  serializedVersion: 2
  m_Modification:
    m_TransformParent: {fileID: 0}
    m_Modifications:
    - target: {fileID: 18215057192489069, guid: a6148b1545bee24408c3871450e0b92a,
        type: 3}
      propertyPath: m_Name
      value: EnemyShieldBot
      objectReference: {fileID: 0}
    - target: {fileID: 18215057192489070, guid: a6148b1545bee24408c3871450e0b92a,
        type: 3}
      propertyPath: m_LocalPosition.x
      value: 201.1
      objectReference: {fileID: 0}
    - target: {fileID: 18215057192489070, guid: a6148b1545bee24408c3871450e0b92a,
        type: 3}
      propertyPath: m_LocalPosition.y
      value: 13.08
      objectReference: {fileID: 0}
    - target: {fileID: 18215057192489070, guid: a6148b1545bee24408c3871450e0b92a,
        type: 3}
      propertyPath: m_LocalPosition.z
      value: -160.1
      objectReference: {fileID: 0}
    - target: {fileID: 18215057192489070, guid: a6148b1545bee24408c3871450e0b92a,
        type: 3}
      propertyPath: m_LocalRotation.x
      value: -0
      objectReference: {fileID: 0}
    - target: {fileID: 18215057192489070, guid: a6148b1545bee24408c3871450e0b92a,
        type: 3}
      propertyPath: m_LocalRotation.y
      value: -0
      objectReference: {fileID: 0}
    - target: {fileID: 18215057192489070, guid: a6148b1545bee24408c3871450e0b92a,
        type: 3}
      propertyPath: m_LocalRotation.z
      value: -0
      objectReference: {fileID: 0}
    - target: {fileID: 18215057192489070, guid: a6148b1545bee24408c3871450e0b92a,
        type: 3}
      propertyPath: m_LocalRotation.w
      value: 1
      objectReference: {fileID: 0}
    - target: {fileID: 18215057192489070, guid: a6148b1545bee24408c3871450e0b92a,
        type: 3}
      propertyPath: m_RootOrder
      value: 12
      objectReference: {fileID: 0}
    - target: {fileID: 18215057192489070, guid: a6148b1545bee24408c3871450e0b92a,
        type: 3}
      propertyPath: m_LocalEulerAnglesHint.x
      value: 0
      objectReference: {fileID: 0}
    - target: {fileID: 18215057192489070, guid: a6148b1545bee24408c3871450e0b92a,
        type: 3}
      propertyPath: m_LocalEulerAnglesHint.y
      value: 0
      objectReference: {fileID: 0}
    - target: {fileID: 18215057192489070, guid: a6148b1545bee24408c3871450e0b92a,
        type: 3}
      propertyPath: m_LocalEulerAnglesHint.z
      value: 0
      objectReference: {fileID: 0}
    - target: {fileID: 7682081407683814708, guid: a6148b1545bee24408c3871450e0b92a,
        type: 3}
      propertyPath: _Player
      value: 
      objectReference: {fileID: 793201559}
    - target: {fileID: 7682081407683814708, guid: a6148b1545bee24408c3871450e0b92a,
        type: 3}
      propertyPath: _ExplosionForce
      value: 50
      objectReference: {fileID: 0}
    - target: {fileID: 7682081407683814708, guid: a6148b1545bee24408c3871450e0b92a,
        type: 3}
      propertyPath: _UpwardsModifier
      value: 2
      objectReference: {fileID: 0}
    - target: {fileID: 7682081407683814708, guid: a6148b1545bee24408c3871450e0b92a,
        type: 3}
      propertyPath: _ExplosionRadius
      value: 2
      objectReference: {fileID: 0}
    m_RemovedComponents: []
  m_SourcePrefab: {fileID: 100100000, guid: a6148b1545bee24408c3871450e0b92a, type: 3}
--- !u!1001 &1548575705861552361
PrefabInstance:
  m_ObjectHideFlags: 0
  serializedVersion: 2
  m_Modification:
    m_TransformParent: {fileID: 0}
    m_Modifications:
    - target: {fileID: 1089182020146891939, guid: e3d85dc0b93218a49bf0149af6a3548e,
        type: 3}
      propertyPath: m_Name
      value: ThirdPersonCamera
      objectReference: {fileID: 0}
    - target: {fileID: 2731791928857656053, guid: e3d85dc0b93218a49bf0149af6a3548e,
        type: 3}
      propertyPath: m_LookAt
      value: 
      objectReference: {fileID: 1551688607}
    - target: {fileID: 2731791928857656053, guid: e3d85dc0b93218a49bf0149af6a3548e,
        type: 3}
      propertyPath: m_Follow
      value: 
      objectReference: {fileID: 1551688607}
    - target: {fileID: 4211556952115259597, guid: e3d85dc0b93218a49bf0149af6a3548e,
        type: 3}
      propertyPath: m_LocalRotation.x
      value: 0.000000033286938
      objectReference: {fileID: 0}
    - target: {fileID: 4211556952115259597, guid: e3d85dc0b93218a49bf0149af6a3548e,
        type: 3}
      propertyPath: m_LocalRotation.y
      value: -0.18332212
      objectReference: {fileID: 0}
    - target: {fileID: 4211556952115259597, guid: e3d85dc0b93218a49bf0149af6a3548e,
        type: 3}
      propertyPath: m_LocalRotation.z
      value: 0.98305297
      objectReference: {fileID: 0}
    - target: {fileID: 4211556952115259597, guid: e3d85dc0b93218a49bf0149af6a3548e,
        type: 3}
      propertyPath: m_LocalRotation.w
      value: -0.0000004148104
      objectReference: {fileID: 0}
    - target: {fileID: 4211556952115259597, guid: e3d85dc0b93218a49bf0149af6a3548e,
        type: 3}
      propertyPath: m_LocalPosition.x
      value: -239.7
      objectReference: {fileID: 0}
    - target: {fileID: 4211556952115259597, guid: e3d85dc0b93218a49bf0149af6a3548e,
        type: 3}
      propertyPath: m_LocalPosition.y
      value: 18.66
      objectReference: {fileID: 0}
    - target: {fileID: 4211556952115259597, guid: e3d85dc0b93218a49bf0149af6a3548e,
        type: 3}
      propertyPath: m_LocalPosition.z
      value: -20.07
      objectReference: {fileID: 0}
    - target: {fileID: 7754385634984954366, guid: e3d85dc0b93218a49bf0149af6a3548e,
        type: 3}
      propertyPath: m_LocalRotation.x
      value: -0.97777843
      objectReference: {fileID: 0}
    - target: {fileID: 7754385634984954366, guid: e3d85dc0b93218a49bf0149af6a3548e,
        type: 3}
      propertyPath: m_LocalRotation.y
      value: -0.007172701
      objectReference: {fileID: 0}
    - target: {fileID: 7754385634984954366, guid: e3d85dc0b93218a49bf0149af6a3548e,
        type: 3}
      propertyPath: m_LocalRotation.z
      value: 0.03392188
      objectReference: {fileID: 0}
    - target: {fileID: 7754385634984954366, guid: e3d85dc0b93218a49bf0149af6a3548e,
        type: 3}
      propertyPath: m_LocalRotation.w
      value: -0.20675388
      objectReference: {fileID: 0}
    - target: {fileID: 7754385634984954366, guid: e3d85dc0b93218a49bf0149af6a3548e,
        type: 3}
      propertyPath: m_LocalPosition.x
      value: -237.25363
      objectReference: {fileID: 0}
    - target: {fileID: 7754385634984954366, guid: e3d85dc0b93218a49bf0149af6a3548e,
        type: 3}
      propertyPath: m_LocalPosition.y
      value: 18.66
      objectReference: {fileID: 0}
    - target: {fileID: 7754385634984954366, guid: e3d85dc0b93218a49bf0149af6a3548e,
        type: 3}
      propertyPath: m_LocalPosition.z
      value: 50.445126
      objectReference: {fileID: 0}
    - target: {fileID: 8997700953502277074, guid: e3d85dc0b93218a49bf0149af6a3548e,
        type: 3}
      propertyPath: m_LocalRotation.x
      value: 0.12962836
      objectReference: {fileID: 0}
    - target: {fileID: 8997700953502277074, guid: e3d85dc0b93218a49bf0149af6a3548e,
        type: 3}
      propertyPath: m_LocalRotation.z
      value: 0.12962829
      objectReference: {fileID: 0}
    - target: {fileID: 8997700953502277074, guid: e3d85dc0b93218a49bf0149af6a3548e,
        type: 3}
      propertyPath: m_LocalRotation.w
      value: 0.6951235
      objectReference: {fileID: 0}
    - target: {fileID: 8997700953502277074, guid: e3d85dc0b93218a49bf0149af6a3548e,
        type: 3}
      propertyPath: m_LocalPosition.x
      value: 4.2999954
      objectReference: {fileID: 0}
    - target: {fileID: 8997700953502277074, guid: e3d85dc0b93218a49bf0149af6a3548e,
        type: 3}
      propertyPath: m_LocalRotation.y
      value: -0.6951233
      objectReference: {fileID: 0}
    - target: {fileID: 8997700953502277074, guid: e3d85dc0b93218a49bf0149af6a3548e,
        type: 3}
      propertyPath: m_LocalPosition.y
      value: 18.66
      objectReference: {fileID: 0}
    - target: {fileID: 8997700953502277074, guid: e3d85dc0b93218a49bf0149af6a3548e,
        type: 3}
      propertyPath: m_LocalPosition.z
      value: -38.370003
      objectReference: {fileID: 0}
    - target: {fileID: 9196948689391441947, guid: e3d85dc0b93218a49bf0149af6a3548e,
        type: 3}
      propertyPath: m_LocalPosition.x
      value: 26
      objectReference: {fileID: 0}
    - target: {fileID: 9196948689391441947, guid: e3d85dc0b93218a49bf0149af6a3548e,
        type: 3}
      propertyPath: m_LocalPosition.y
      value: 7.37
      objectReference: {fileID: 0}
    - target: {fileID: 9196948689391441947, guid: e3d85dc0b93218a49bf0149af6a3548e,
        type: 3}
      propertyPath: m_LocalPosition.z
      value: 22.369999
      objectReference: {fileID: 0}
    - target: {fileID: 9196948689391441947, guid: e3d85dc0b93218a49bf0149af6a3548e,
        type: 3}
      propertyPath: m_LocalRotation.x
      value: 0
      objectReference: {fileID: 0}
    - target: {fileID: 9196948689391441947, guid: e3d85dc0b93218a49bf0149af6a3548e,
        type: 3}
      propertyPath: m_LocalRotation.y
      value: 0
      objectReference: {fileID: 0}
    - target: {fileID: 9196948689391441947, guid: e3d85dc0b93218a49bf0149af6a3548e,
        type: 3}
      propertyPath: m_LocalRotation.z
      value: 0
      objectReference: {fileID: 0}
    - target: {fileID: 9196948689391441947, guid: e3d85dc0b93218a49bf0149af6a3548e,
        type: 3}
      propertyPath: m_LocalRotation.w
      value: 1
      objectReference: {fileID: 0}
    - target: {fileID: 9196948689391441947, guid: e3d85dc0b93218a49bf0149af6a3548e,
        type: 3}
      propertyPath: m_RootOrder
      value: 3
      objectReference: {fileID: 0}
    - target: {fileID: 9196948689391441947, guid: e3d85dc0b93218a49bf0149af6a3548e,
        type: 3}
      propertyPath: m_LocalEulerAnglesHint.x
      value: 0
      objectReference: {fileID: 0}
    - target: {fileID: 9196948689391441947, guid: e3d85dc0b93218a49bf0149af6a3548e,
        type: 3}
      propertyPath: m_LocalEulerAnglesHint.y
      value: 0
      objectReference: {fileID: 0}
    - target: {fileID: 9196948689391441947, guid: e3d85dc0b93218a49bf0149af6a3548e,
        type: 3}
      propertyPath: m_LocalEulerAnglesHint.z
      value: 0
      objectReference: {fileID: 0}
    m_RemovedComponents: []
  m_SourcePrefab: {fileID: 100100000, guid: e3d85dc0b93218a49bf0149af6a3548e, type: 3}
